{
	"pageProps": {
		"company": {
			"ticker": "NVDA",
			"name": "NVIDIA Corporation",
			"cik": "0001045810",
			"isEtf": false,
			"isFund": false,
			"isFilings": true,
			"isFinancials": true,
			"isKPIs": true,
			"website": "nvidia.com",
			"exchange": "NASDAQ",
			"country": "US",
			"currency": "USD",
			"marketCap": 529002
		},
		"financials": {
			"annual": [
				{
					"date": "1999-01-31",
					"symbol": "NVDA",
					"reportedCurrency": "USD",
					"cik": "0001045810",
					"fillingDate": "1999-01-31",
					"acceptedDate": "1999-01-30 19:00:00",
					"calendarYear": "1999",
					"period": "FY",
					"revenue": 151400000,
					"costOfRevenue": 103200000,
					"grossProfit": 48200000,
					"grossProfitRatio": 0.31836195508586523,
					"researchAndDevelopmentExpenses": 25100000,
					"generalAndAdministrativeExpenses": 0,
					"sellingAndMarketingExpenses": 0,
					"sellingGeneralAndAdministrativeExpenses": 18900000,
					"otherExpenses": 6500000,
					"operatingExpenses": 50500000,
					"costAndExpenses": 153700000,
					"interestIncome": 0,
					"interestExpense": 0,
					"depreciationAndAmortization": 6500000,
					"ebitda": 11000000,
					"ebitdaratio": 0.0726552179656539,
					"operatingIncome": -2300000,
					"operatingIncomeRatio": -0.015191545574636724,
					"totalOtherIncomeExpensesNet": 6800000,
					"incomeBeforeTax": 4500000,
					"incomeBeforeTaxRatio": 0.029722589167767502,
					"incomeTaxExpense": 400000,
					"netIncome": 4100000,
					"netIncomeRatio": 0.027080581241743725,
					"eps": 0.005833,
					"epsdiluted": 0.003125,
					"weightedAverageShsOut": 699120000,
					"weightedAverageShsOutDil": 1314864000,
					"link": "",
					"finalLink": ""
				},
				{
					"date": "2000-01-30",
					"symbol": "NVDA",
					"reportedCurrency": "USD",
					"cik": "0001045810",
					"fillingDate": "2000-01-30",
					"acceptedDate": "2000-01-29 19:00:00",
					"calendarYear": "2000",
					"period": "FY",
					"revenue": 374500000,
					"costOfRevenue": 225900000,
					"grossProfit": 148600000,
					"grossProfitRatio": 0.3967957276368491,
					"researchAndDevelopmentExpenses": 47400000,
					"generalAndAdministrativeExpenses": 0,
					"sellingAndMarketingExpenses": 0,
					"sellingGeneralAndAdministrativeExpenses": 37100000,
					"otherExpenses": 9700000,
					"operatingExpenses": 94200000,
					"costAndExpenses": 320100000,
					"interestIncome": 0,
					"interestExpense": 0,
					"depreciationAndAmortization": 9700000,
					"ebitda": 65900000,
					"ebitdaratio": 0.1759679572763685,
					"operatingIncome": 54400000,
					"operatingIncomeRatio": 0.145260347129506,
					"totalOtherIncomeExpensesNet": 1800000,
					"incomeBeforeTax": 56200000,
					"incomeBeforeTaxRatio": 0.1500667556742323,
					"incomeTaxExpense": 18100000,
					"netIncome": 38100000,
					"netIncomeRatio": 0.10173564753004005,
					"eps": 0.02668,
					"epsdiluted": 0.022095,
					"weightedAverageShsOut": 1428035982,
					"weightedAverageShsOutDil": 1724411053,
					"link": "",
					"finalLink": ""
				},
				{
					"date": "2001-01-28",
					"symbol": "NVDA",
					"reportedCurrency": "USD",
					"cik": "0001045810",
					"fillingDate": "2001-05-25",
					"acceptedDate": "2001-05-25 00:00:00",
					"calendarYear": "2001",
					"period": "FY",
					"revenue": 735264000,
					"costOfRevenue": 444262000,
					"grossProfit": 291002000,
					"grossProfitRatio": 0.39577893110501805,
					"researchAndDevelopmentExpenses": 86438000,
					"generalAndAdministrativeExpenses": 0,
					"sellingAndMarketingExpenses": 0,
					"sellingGeneralAndAdministrativeExpenses": 58437000,
					"otherExpenses": 15836000,
					"operatingExpenses": 160711000,
					"costAndExpenses": 604973000,
					"interestIncome": 0,
					"interestExpense": 0,
					"depreciationAndAmortization": 15836000,
					"ebitda": 162800000,
					"ebitdaratio": 0.2214170692431562,
					"operatingIncome": 130291000,
					"operatingIncomeRatio": 0.17720301823562692,
					"totalOtherIncomeExpensesNet": 16673000,
					"incomeBeforeTax": 146964000,
					"incomeBeforeTaxRatio": 0.1998792270531401,
					"incomeTaxExpense": 47027000,
					"netIncome": 99937000,
					"netIncomeRatio": 0.13591988727858292,
					"eps": 0.063782,
					"epsdiluted": 0.05211,
					"weightedAverageShsOut": 1571190404,
					"weightedAverageShsOutDil": 1910572712,
					"link": "https://www.sec.gov/Archives/edgar/data/1045810/000101287001501023/0001012870-01-501023-index.htm",
					"finalLink": "https://www.sec.gov/Archives/edgar/data/1045810/000101287001501023/d10k405a.txt"
				},
				{
					"date": "2002-01-27",
					"symbol": "NVDA",
					"reportedCurrency": "USD",
					"cik": "0001045810",
					"fillingDate": "2002-01-27",
					"acceptedDate": "2002-01-26 19:00:00",
					"calendarYear": "2002",
					"period": "FY",
					"revenue": 1369471000,
					"costOfRevenue": 850233000,
					"grossProfit": 519238000,
					"grossProfitRatio": 0.3791522419970923,
					"researchAndDevelopmentExpenses": 153920000,
					"generalAndAdministrativeExpenses": 0,
					"sellingAndMarketingExpenses": 0,
					"sellingGeneralAndAdministrativeExpenses": 97185000,
					"otherExpenses": 16371000,
					"operatingExpenses": 267476000,
					"costAndExpenses": 1117709000,
					"interestIncome": 0,
					"interestExpense": 0,
					"depreciationAndAmortization": 43497000,
					"ebitda": 296246000,
					"ebitdaratio": 0.21632148471928211,
					"operatingIncome": 241732000,
					"operatingIncomeRatio": 0.17651487326128118,
					"totalOtherIncomeExpensesNet": 11017000,
					"incomeBeforeTax": 252749000,
					"incomeBeforeTaxRatio": 0.18455958541655865,
					"incomeTaxExpense": 75825000,
					"netIncome": 176924000,
					"netIncomeRatio": 0.1291914907289019,
					"eps": 0.103385,
					"epsdiluted": 0.085876,
					"weightedAverageShsOut": 1715322340,
					"weightedAverageShsOutDil": 2051862068,
					"link": "",
					"finalLink": ""
				},
				{
					"date": "2003-01-26",
					"symbol": "NVDA",
					"reportedCurrency": "USD",
					"cik": "0001045810",
					"fillingDate": "2003-04-25",
					"acceptedDate": "2003-04-24 21:55:57",
					"calendarYear": "2003",
					"period": "FY",
					"revenue": 1909447000,
					"costOfRevenue": 1333435000,
					"grossProfit": 576012000,
					"grossProfitRatio": 0.30166430385341936,
					"researchAndDevelopmentExpenses": 224873000,
					"generalAndAdministrativeExpenses": 0,
					"sellingAndMarketingExpenses": 0,
					"sellingGeneralAndAdministrativeExpenses": 207153000,
					"otherExpenses": 0,
					"operatingExpenses": 432026000,
					"costAndExpenses": 1765461000,
					"interestIncome": 0,
					"interestExpense": 0,
					"depreciationAndAmortization": 58216000,
					"ebitda": 208773000,
					"ebitdaratio": 0.10933689178070928,
					"operatingIncome": 143986000,
					"operatingIncomeRatio": 0.07540717286209044,
					"totalOtherIncomeExpensesNet": 6571000,
					"incomeBeforeTax": 150557000,
					"incomeBeforeTaxRatio": 0.07884848335669961,
					"incomeTaxExpense": 59758000,
					"netIncome": 90799000,
					"netIncomeRatio": 0.04755251127682517,
					"eps": 0.049191,
					"epsdiluted": 0.045023,
					"weightedAverageShsOut": 1841235384,
					"weightedAverageShsOutDil": 2019706148,
					"link": "https://www.sec.gov/Archives/edgar/data/1045810/000104596903001196/0001045969-03-001196-index.html",
					"finalLink": "https://www.sec.gov/Archives/edgar/data/1045810/000104596903001196/d10k.htm"
				},
				{
					"date": "2004-01-31",
					"symbol": "NVDA",
					"reportedCurrency": "USD",
					"cik": "0001045810",
					"fillingDate": "2004-01-31",
					"acceptedDate": "2004-01-30 19:00:00",
					"calendarYear": "2004",
					"period": "FY",
					"revenue": 1822945000,
					"costOfRevenue": 1294067000,
					"grossProfit": 528878000,
					"grossProfitRatio": 0.2901228506619783,
					"researchAndDevelopmentExpenses": 269972000,
					"generalAndAdministrativeExpenses": 0,
					"sellingAndMarketingExpenses": 0,
					"sellingGeneralAndAdministrativeExpenses": 165249000,
					"otherExpenses": 0,
					"operatingExpenses": 435221000,
					"costAndExpenses": 1729288000,
					"interestIncome": null,
					"interestExpense": 0,
					"depreciationAndAmortization": 82688000,
					"ebitda": 169361000,
					"ebitdaratio": 0.09290516170262954,
					"operatingIncome": 90157000,
					"operatingIncomeRatio": 0.04945678558596118,
					"totalOtherIncomeExpensesNet": -3484000,
					"incomeBeforeTax": 86673000,
					"incomeBeforeTaxRatio": 0.04754559243422045,
					"incomeTaxExpense": 12254000,
					"netIncome": 74419000,
					"netIncomeRatio": 0.04082350262898771,
					"eps": 0.038353,
					"epsdiluted": 0.035851,
					"weightedAverageShsOut": 1930122940,
					"weightedAverageShsOutDil": 2071448276,
					"link": "",
					"finalLink": ""
				},
				{
					"date": "2005-01-30",
					"symbol": "NVDA",
					"reportedCurrency": "USD",
					"cik": "0001045810",
					"fillingDate": "2005-03-22",
					"acceptedDate": "2005-03-22 14:33:30",
					"calendarYear": "2005",
					"period": "FY",
					"revenue": 2010033000,
					"costOfRevenue": 1360547000,
					"grossProfit": 649486000,
					"grossProfitRatio": 0.32312205819506445,
					"researchAndDevelopmentExpenses": 335104000,
					"generalAndAdministrativeExpenses": 0,
					"sellingAndMarketingExpenses": 0,
					"sellingGeneralAndAdministrativeExpenses": 200789000,
					"otherExpenses": 0,
					"operatingExpenses": 535893000,
					"costAndExpenses": 1896440000,
					"interestIncome": 0,
					"interestExpense": 0,
					"depreciationAndAmortization": 102597000,
					"ebitda": 228042000,
					"ebitdaratio": 0.11345186870066312,
					"operatingIncome": 113593000,
					"operatingIncomeRatio": 0.05651300252284415,
					"totalOtherIncomeExpensesNet": 11852000,
					"incomeBeforeTax": 125445000,
					"incomeBeforeTaxRatio": 0.062409423128874,
					"incomeTaxExpense": 25089000,
					"netIncome": 100356000,
					"netIncomeRatio": 0.0499275385030992,
					"eps": 0.050025,
					"epsdiluted": 0.047524,
					"weightedAverageShsOut": 1991748124,
					"weightedAverageShsOutDil": 2117637180,
					"link": "https://www.sec.gov/Archives/edgar/data/1045810/000104581005000008/0001045810-05-000008-index.html",
					"finalLink": "https://www.sec.gov/Archives/edgar/data/1045810/000104581005000008/annualreport.htm"
				},
				{
					"date": "2006-01-29",
					"symbol": "NVDA",
					"reportedCurrency": "USD",
					"cik": "0001045810",
					"fillingDate": "2006-03-16",
					"acceptedDate": "2006-03-16 17:08:37",
					"calendarYear": "2006",
					"period": "FY",
					"revenue": 2375687000,
					"costOfRevenue": 1464892000,
					"grossProfit": 910795000,
					"grossProfitRatio": 0.3833817333680742,
					"researchAndDevelopmentExpenses": 352099000,
					"generalAndAdministrativeExpenses": 0,
					"sellingAndMarketingExpenses": 0,
					"sellingGeneralAndAdministrativeExpenses": 204441000,
					"otherExpenses": 14158000,
					"operatingExpenses": 570698000,
					"costAndExpenses": 2035590000,
					"interestIncome": 0,
					"interestExpense": 0,
					"depreciationAndAmortization": 97977000,
					"ebitda": 458198000,
					"ebitdaratio": 0.192869683590473,
					"operatingIncome": 340097000,
					"operatingIncomeRatio": 0.14315732670170775,
					"totalOtherIncomeExpensesNet": 20124000,
					"incomeBeforeTax": 360221000,
					"incomeBeforeTaxRatio": 0.15162813956552357,
					"incomeTaxExpense": 57635000,
					"netIncome": 302586000,
					"netIncomeRatio": 0.12736778877015364,
					"eps": 0.148408,
					"epsdiluted": 0.137569,
					"weightedAverageShsOut": 2035262368,
					"weightedAverageShsOutDil": 2194314844,
					"link": "https://www.sec.gov/Archives/edgar/data/1045810/000104581006000014/fy2006annualreportonform10-k.htm",
					"finalLink": "https://www.sec.gov/Archives/edgar/data/1045810/000104581006000014/fy2006annualreportonform10-k.htm"
				},
				{
					"date": "2007-01-28",
					"symbol": "NVDA",
					"reportedCurrency": "USD",
					"cik": "0001045810",
					"fillingDate": "2007-03-16",
					"acceptedDate": "2007-03-16 14:12:51",
					"calendarYear": "2007",
					"period": "FY",
					"revenue": 3068771000,
					"costOfRevenue": 1768322000,
					"grossProfit": 1300449000,
					"grossProfitRatio": 0.4237686683040214,
					"researchAndDevelopmentExpenses": 553467000,
					"generalAndAdministrativeExpenses": 0,
					"sellingAndMarketingExpenses": 0,
					"sellingGeneralAndAdministrativeExpenses": 293530000,
					"otherExpenses": 0,
					"operatingExpenses": 846997000,
					"costAndExpenses": 2615319000,
					"interestIncome": 0,
					"interestExpense": 0,
					"depreciationAndAmortization": 107562000,
					"ebitda": 602746000,
					"ebitdaratio": 0.19641283106494423,
					"operatingIncome": 453452000,
					"operatingIncomeRatio": 0.14776338801428976,
					"totalOtherIncomeExpensesNet": 41028000,
					"incomeBeforeTax": 494480000,
					"incomeBeforeTaxRatio": 0.1611329095589081,
					"incomeTaxExpense": 46350000,
					"netIncome": 448834000,
					"netIncomeRatio": 0.1462585510616465,
					"eps": 0.211773,
					"epsdiluted": 0.191763,
					"weightedAverageShsOut": 2113367316,
					"weightedAverageShsOutDil": 2347850076,
					"link": "https://www.sec.gov/Archives/edgar/data/1045810/000104581007000008/fy2007annualreportonform10-k.htm",
					"finalLink": "https://www.sec.gov/Archives/edgar/data/1045810/000104581007000008/fy2007annualreportonform10-k.htm"
				},
				{
					"date": "2008-01-31",
					"symbol": "NVDA",
					"reportedCurrency": "USD",
					"cik": "0001045810",
					"fillingDate": "2008-01-31",
					"acceptedDate": "2008-01-30 19:00:00",
					"calendarYear": "2008",
					"period": "FY",
					"revenue": 4097860000,
					"costOfRevenue": 2228580000,
					"grossProfit": 1869280000,
					"grossProfitRatio": 0.4561600445110375,
					"researchAndDevelopmentExpenses": 691637000,
					"generalAndAdministrativeExpenses": 0,
					"sellingAndMarketingExpenses": 0,
					"sellingGeneralAndAdministrativeExpenses": 341297000,
					"otherExpenses": 0,
					"operatingExpenses": 1032934000,
					"costAndExpenses": 3261514000,
					"interestIncome": null,
					"interestExpense": 0,
					"depreciationAndAmortization": 133192000,
					"ebitda": 1034533000,
					"ebitdaratio": 0.25245689213394307,
					"operatingIncome": 836346000,
					"operatingIncomeRatio": 0.20409335604437437,
					"totalOtherIncomeExpensesNet": 64995000,
					"incomeBeforeTax": 901341000,
					"incomeBeforeTaxRatio": 0.2199540735896297,
					"incomeTaxExpense": 103696000,
					"netIncome": 797645000,
					"netIncomeRatio": 0.19464915834118296,
					"eps": 0.3625,
					"epsdiluted": 0.3275,
					"weightedAverageShsOut": 2200432000,
					"weightedAverageShsOutDil": 2426928000,
					"link": "",
					"finalLink": ""
				},
				{
					"date": "2009-01-31",
					"symbol": "NVDA",
					"reportedCurrency": "USD",
					"cik": "0001045810",
					"fillingDate": "2009-01-31",
					"acceptedDate": "2009-01-30 19:00:00",
					"calendarYear": "2009",
					"period": "FY",
					"revenue": 3424859000,
					"costOfRevenue": 2250590000,
					"grossProfit": 1174269000,
					"grossProfitRatio": 0.34286637785672347,
					"researchAndDevelopmentExpenses": 855879000,
					"generalAndAdministrativeExpenses": 0,
					"sellingAndMarketingExpenses": 0,
					"sellingGeneralAndAdministrativeExpenses": 362222000,
					"otherExpenses": 0,
					"operatingExpenses": 1218101000,
					"costAndExpenses": 3468691000,
					"interestIncome": null,
					"interestExpense": 0,
					"depreciationAndAmortization": 185023000,
					"ebitda": 142069000,
					"ebitdaratio": 0.04148170771409859,
					"operatingIncome": -70700000,
					"operatingIncomeRatio": -0.020643185602677364,
					"totalOtherIncomeExpensesNet": 27746000,
					"incomeBeforeTax": -42954000,
					"incomeBeforeTaxRatio": -0.01254183018921363,
					"incomeTaxExpense": -12913000,
					"netIncome": -30041000,
					"netIncomeRatio": -0.008771455992786857,
					"eps": -0.0125,
					"epsdiluted": -0.0125,
					"weightedAverageShsOut": 2192504000,
					"weightedAverageShsOutDil": 2192504000,
					"link": "",
					"finalLink": ""
				},
				{
					"date": "2010-01-31",
					"symbol": "NVDA",
					"reportedCurrency": "USD",
					"cik": "0001045810",
					"fillingDate": "2010-03-18",
					"acceptedDate": "2010-03-17 19:16:55",
					"calendarYear": "2010",
					"period": "FY",
					"revenue": 3326445000,
					"costOfRevenue": 2149522000,
					"grossProfit": 1176923000,
					"grossProfitRatio": 0.3538080443235947,
					"researchAndDevelopmentExpenses": 908851000,
					"generalAndAdministrativeExpenses": 0,
					"sellingAndMarketingExpenses": 0,
					"sellingGeneralAndAdministrativeExpenses": 367017000,
					"otherExpenses": 0,
					"operatingExpenses": 1275868000,
					"costAndExpenses": 3425390000,
					"interestIncome": 23115000,
					"interestExpense": 3320000,
					"depreciationAndAmortization": 196664000,
					"ebitda": 117690000,
					"ebitdaratio": 0.03538011300352178,
					"operatingIncome": -98945000,
					"operatingIncomeRatio": -0.02974496797632307,
					"totalOtherIncomeExpensesNet": 16651000,
					"incomeBeforeTax": -82294000,
					"incomeBeforeTaxRatio": -0.02473932381265886,
					"incomeTaxExpense": -14307000,
					"netIncome": -67987000,
					"netIncomeRatio": -0.020438335820974044,
					"eps": -0.03,
					"epsdiluted": -0.03,
					"weightedAverageShsOut": 2198296000,
					"weightedAverageShsOutDil": 2198296000,
					"link": "https://www.sec.gov/Archives/edgar/data/1045810/000104581010000006/0001045810-10-000006-index.html",
					"finalLink": "https://www.sec.gov/Archives/edgar/data/1045810/000104581010000006/fy2010form10k.htm"
				},
				{
					"date": "2011-01-30",
					"symbol": "NVDA",
					"reportedCurrency": "USD",
					"cik": "0001045810",
					"fillingDate": "2011-03-16",
					"acceptedDate": "2011-03-16 16:33:51",
					"calendarYear": "2011",
					"period": "FY",
					"revenue": 3543309000,
					"costOfRevenue": 2134219000,
					"grossProfit": 1409090000,
					"grossProfitRatio": 0.39767629636591106,
					"researchAndDevelopmentExpenses": 848830000,
					"generalAndAdministrativeExpenses": 0,
					"sellingAndMarketingExpenses": 0,
					"sellingGeneralAndAdministrativeExpenses": 418513000,
					"otherExpenses": -114000000,
					"operatingExpenses": 1153343000,
					"costAndExpenses": 3287562000,
					"interestIncome": 19057000,
					"interestExpense": 3127000,
					"depreciationAndAmortization": 186989000,
					"ebitda": 461285000,
					"ebitdaratio": 0.13018480747798175,
					"operatingIncome": 255747000,
					"operatingIncomeRatio": 0.07217744769084491,
					"totalOtherIncomeExpensesNet": 15422000,
					"incomeBeforeTax": 271169000,
					"incomeBeforeTaxRatio": 0.0765298764516445,
					"incomeTaxExpense": 18023000,
					"netIncome": 253146000,
					"netIncomeRatio": 0.0714433880872371,
					"eps": 0.11,
					"epsdiluted": 0.1075,
					"weightedAverageShsOut": 2300708000,
					"weightedAverageShsOutDil": 2354736000,
					"link": "https://www.sec.gov/Archives/edgar/data/1045810/000104581011000015/fy2011form10k.htm",
					"finalLink": "https://www.sec.gov/Archives/edgar/data/1045810/000104581011000015/fy2011form10k.htm"
				},
				{
					"date": "2012-01-29",
					"symbol": "NVDA",
					"reportedCurrency": "USD",
					"cik": "0001045810",
					"fillingDate": "2012-03-13",
					"acceptedDate": "2012-03-13 16:56:38",
					"calendarYear": "2012",
					"period": "FY",
					"revenue": 3997930000,
					"costOfRevenue": 1941413000,
					"grossProfit": 2056517000,
					"grossProfitRatio": 0.5143954496451913,
					"researchAndDevelopmentExpenses": 1002605000,
					"generalAndAdministrativeExpenses": 0,
					"sellingAndMarketingExpenses": 0,
					"sellingGeneralAndAdministrativeExpenses": 405613000,
					"otherExpenses": 0,
					"operatingExpenses": 1408218000,
					"costAndExpenses": 3349631000,
					"interestIncome": 19149000,
					"interestExpense": 3089000,
					"depreciationAndAmortization": 204205000,
					"ebitda": 870690000,
					"ebitdaratio": 0.21778520384298874,
					"operatingIncome": 648299000,
					"operatingIncomeRatio": 0.16215866711022955,
					"totalOtherIncomeExpensesNet": 15097000,
					"incomeBeforeTax": 663396000,
					"incomeBeforeTaxRatio": 0.16593487129589563,
					"incomeTaxExpense": 82306000,
					"netIncome": 581090000,
					"netIncomeRatio": 0.14534771744377714,
					"eps": 0.24,
					"epsdiluted": 0.235,
					"weightedAverageShsOut": 2414584000,
					"weightedAverageShsOutDil": 2465484000,
					"link": "https://www.sec.gov/Archives/edgar/data/1045810/000104581012000013/0001045810-12-000013-index.html",
					"finalLink": "https://www.sec.gov/Archives/edgar/data/1045810/000104581012000013/nvda-2012x10k.htm"
				},
				{
					"date": "2013-01-27",
					"symbol": "NVDA",
					"reportedCurrency": "USD",
					"cik": "0001045810",
					"fillingDate": "2013-03-12",
					"acceptedDate": "2013-03-12 17:03:06",
					"calendarYear": "2013",
					"period": "FY",
					"revenue": 4280159000,
					"costOfRevenue": 2053816000,
					"grossProfit": 2226343000,
					"grossProfitRatio": 0.5201542746426009,
					"researchAndDevelopmentExpenses": 1147282000,
					"generalAndAdministrativeExpenses": 0,
					"sellingAndMarketingExpenses": 0,
					"sellingGeneralAndAdministrativeExpenses": 430822000,
					"otherExpenses": 0,
					"operatingExpenses": 1578104000,
					"costAndExpenses": 3631920000,
					"interestIncome": 19908000,
					"interestExpense": 3294000,
					"depreciationAndAmortization": 226235000,
					"ebitda": 891568000,
					"ebitdaratio": 0.20830254203173293,
					"operatingIncome": 648239000,
					"operatingIncomeRatio": 0.15145208390622872,
					"totalOtherIncomeExpensesNet": 13800000,
					"incomeBeforeTax": 662039000,
					"incomeBeforeTaxRatio": 0.15467626319489533,
					"incomeTaxExpense": 99503000,
					"netIncome": 562536000,
					"netIncomeRatio": 0.13142876234270737,
					"eps": 0.2275,
					"epsdiluted": 0.225,
					"weightedAverageShsOut": 2477296000,
					"weightedAverageShsOutDil": 2499828000,
					"link": "https://www.sec.gov/Archives/edgar/data/1045810/000104581013000008/0001045810-13-000008-index.html",
					"finalLink": "https://www.sec.gov/Archives/edgar/data/1045810/000104581013000008/nvda-2013x10k.htm"
				},
				{
					"date": "2014-01-26",
					"symbol": "NVDA",
					"reportedCurrency": "USD",
					"cik": "0001045810",
					"fillingDate": "2014-03-13",
					"acceptedDate": "2014-03-12 19:18:57",
					"calendarYear": "2014",
					"period": "FY",
					"revenue": 4130162000,
					"costOfRevenue": 1862399000,
					"grossProfit": 2267763000,
					"grossProfitRatio": 0.5490736198725377,
					"researchAndDevelopmentExpenses": 1335834000,
					"generalAndAdministrativeExpenses": 0,
					"sellingAndMarketingExpenses": 0,
					"sellingGeneralAndAdministrativeExpenses": 435702000,
					"otherExpenses": 0,
					"operatingExpenses": 1771536000,
					"costAndExpenses": 3633935000,
					"interestIncome": 17119000,
					"interestExpense": 10443000,
					"depreciationAndAmortization": 239148000,
					"ebitda": 759845000,
					"ebitdaratio": 0.18397462375567836,
					"operatingIncome": 496227000,
					"operatingIncomeRatio": 0.12014710318868849,
					"totalOtherIncomeExpensesNet": 14027000,
					"incomeBeforeTax": 510254000,
					"incomeBeforeTaxRatio": 0.1235433380095018,
					"incomeTaxExpense": 70264000,
					"netIncome": 439990000,
					"netIncomeRatio": 0.10653093026375236,
					"eps": 0.1875,
					"epsdiluted": 0.185,
					"weightedAverageShsOut": 2351572000,
					"weightedAverageShsOutDil": 2378068000,
					"link": "https://www.sec.gov/Archives/edgar/data/1045810/000104581014000030/nvda-2014x10k.htm",
					"finalLink": "https://www.sec.gov/Archives/edgar/data/1045810/000104581014000030/nvda-2014x10k.htm"
				},
				{
					"date": "2015-01-25",
					"symbol": "NVDA",
					"reportedCurrency": "USD",
					"cik": "0001045810",
					"fillingDate": "2015-03-12",
					"acceptedDate": "2015-03-11 19:48:05",
					"calendarYear": "2015",
					"period": "FY",
					"revenue": 4681507000,
					"costOfRevenue": 2082030000,
					"grossProfit": 2599477000,
					"grossProfitRatio": 0.5552650033418726,
					"researchAndDevelopmentExpenses": 1359725000,
					"generalAndAdministrativeExpenses": 0,
					"sellingAndMarketingExpenses": 0,
					"sellingGeneralAndAdministrativeExpenses": 480763000,
					"otherExpenses": 0,
					"operatingExpenses": 1840488000,
					"costAndExpenses": 3922518000,
					"interestIncome": 28090000,
					"interestExpense": 46133000,
					"depreciationAndAmortization": 220125000,
					"ebitda": 1021094000,
					"ebitdaratio": 0.218112244625502,
					"operatingIncome": 758989000,
					"operatingIncomeRatio": 0.16212493113862694,
					"totalOtherIncomeExpensesNet": -4153000,
					"incomeBeforeTax": 754836000,
					"incomeBeforeTaxRatio": 0.1612378236324329,
					"incomeTaxExpense": 124249000,
					"netIncome": 630587000,
					"netIncomeRatio": 0.13469743823943872,
					"eps": 0.285,
					"epsdiluted": 0.28,
					"weightedAverageShsOut": 2209276000,
					"weightedAverageShsOutDil": 2252272000,
					"link": "https://www.sec.gov/Archives/edgar/data/1045810/000104581015000036/nvda-2015x10k.htm",
					"finalLink": "https://www.sec.gov/Archives/edgar/data/1045810/000104581015000036/nvda-2015x10k.htm"
				},
				{
					"date": "2016-01-31",
					"symbol": "NVDA",
					"reportedCurrency": "USD",
					"cik": "0001045810",
					"fillingDate": "2016-03-17",
					"acceptedDate": "2016-03-16 18:07:18",
					"calendarYear": "2016",
					"period": "FY",
					"revenue": 5010000000,
					"costOfRevenue": 2199000000,
					"grossProfit": 2811000000,
					"grossProfitRatio": 0.5610778443113772,
					"researchAndDevelopmentExpenses": 1331000000,
					"generalAndAdministrativeExpenses": 0,
					"sellingAndMarketingExpenses": 0,
					"sellingGeneralAndAdministrativeExpenses": 602000000,
					"otherExpenses": 0,
					"operatingExpenses": 1933000000,
					"costAndExpenses": 4132000000,
					"interestIncome": 39000000,
					"interestExpense": 47000000,
					"depreciationAndAmortization": 197000000,
					"ebitda": 987000000,
					"ebitdaratio": 0.19700598802395208,
					"operatingIncome": 747000000,
					"operatingIncomeRatio": 0.14910179640718563,
					"totalOtherIncomeExpensesNet": -4000000,
					"incomeBeforeTax": 743000000,
					"incomeBeforeTaxRatio": 0.14830339321357286,
					"incomeTaxExpense": 129000000,
					"netIncome": 614000000,
					"netIncomeRatio": 0.12255489021956088,
					"eps": 0.2825,
					"epsdiluted": 0.27,
					"weightedAverageShsOut": 2172000000,
					"weightedAverageShsOutDil": 2276000000,
					"link": "https://www.sec.gov/Archives/edgar/data/1045810/000104581016000205/0001045810-16-000205-index.html",
					"finalLink": "https://www.sec.gov/Archives/edgar/data/1045810/000104581016000205/nvda-2016x10k.htm"
				},
				{
					"date": "2017-01-29",
					"symbol": "NVDA",
					"reportedCurrency": "USD",
					"cik": "0001045810",
					"fillingDate": "2017-03-01",
					"acceptedDate": "2017-03-01 17:30:49",
					"calendarYear": "2017",
					"period": "FY",
					"revenue": 6910000000,
					"costOfRevenue": 2847000000,
					"grossProfit": 4063000000,
					"grossProfitRatio": 0.5879884225759768,
					"researchAndDevelopmentExpenses": 1463000000,
					"generalAndAdministrativeExpenses": 0,
					"sellingAndMarketingExpenses": 0,
					"sellingGeneralAndAdministrativeExpenses": 663000000,
					"otherExpenses": 0,
					"operatingExpenses": 2126000000,
					"costAndExpenses": 4973000000,
					"interestIncome": 54000000,
					"interestExpense": 58000000,
					"depreciationAndAmortization": 187000000,
					"ebitda": 2150000000,
					"ebitdaratio": 0.3111432706222865,
					"operatingIncome": 1934000000,
					"operatingIncomeRatio": 0.27988422575976846,
					"totalOtherIncomeExpensesNet": -29000000,
					"incomeBeforeTax": 1905000000,
					"incomeBeforeTaxRatio": 0.27568740955137483,
					"incomeTaxExpense": 239000000,
					"netIncome": 1666000000,
					"netIncomeRatio": 0.2410998552821997,
					"eps": 0.77,
					"epsdiluted": 0.6425,
					"weightedAverageShsOut": 2164000000,
					"weightedAverageShsOutDil": 2596000000,
					"link": "https://www.sec.gov/Archives/edgar/data/1045810/000104581017000027/0001045810-17-000027-index.html",
					"finalLink": "https://www.sec.gov/Archives/edgar/data/1045810/000104581017000027/nvda-2017x10k.htm"
				},
				{
					"date": "2018-01-28",
					"symbol": "NVDA",
					"reportedCurrency": "USD",
					"cik": "0001045810",
					"fillingDate": "2018-02-28",
					"acceptedDate": "2018-02-28 16:31:19",
					"calendarYear": "2018",
					"period": "FY",
					"revenue": 9714000000,
					"costOfRevenue": 3892000000,
					"grossProfit": 5822000000,
					"grossProfitRatio": 0.5993411570928556,
					"researchAndDevelopmentExpenses": 1797000000,
					"generalAndAdministrativeExpenses": 0,
					"sellingAndMarketingExpenses": 0,
					"sellingGeneralAndAdministrativeExpenses": 815000000,
					"otherExpenses": 0,
					"operatingExpenses": 2612000000,
					"costAndExpenses": 6504000000,
					"interestIncome": 69000000,
					"interestExpense": 61000000,
					"depreciationAndAmortization": 199000000,
					"ebitda": 3456000000,
					"ebitdaratio": 0.355775169857937,
					"operatingIncome": 3210000000,
					"operatingIncomeRatio": 0.3304508956145769,
					"totalOtherIncomeExpensesNet": -14000000,
					"incomeBeforeTax": 3196000000,
					"incomeBeforeTaxRatio": 0.3290096767551987,
					"incomeTaxExpense": 149000000,
					"netIncome": 3047000000,
					"netIncomeRatio": 0.3136709903232448,
					"eps": 1.2725,
					"epsdiluted": 1.205,
					"weightedAverageShsOut": 2396000000,
					"weightedAverageShsOutDil": 2528000000,
					"link": "https://www.sec.gov/Archives/edgar/data/1045810/000104581018000010/0001045810-18-000010-index.html",
					"finalLink": "https://www.sec.gov/Archives/edgar/data/1045810/000104581018000010/nvda-2018x10k.htm"
				},
				{
					"date": "2019-01-27",
					"symbol": "NVDA",
					"reportedCurrency": "USD",
					"cik": "0001045810",
					"fillingDate": "2019-02-21",
					"acceptedDate": "2019-02-21 16:37:18",
					"calendarYear": "2019",
					"period": "FY",
					"revenue": 11716000000,
					"costOfRevenue": 4545000000,
					"grossProfit": 7171000000,
					"grossProfitRatio": 0.6120689655172413,
					"researchAndDevelopmentExpenses": 2376000000,
					"generalAndAdministrativeExpenses": 0,
					"sellingAndMarketingExpenses": 0,
					"sellingGeneralAndAdministrativeExpenses": 991000000,
					"otherExpenses": 0,
					"operatingExpenses": 3367000000,
					"costAndExpenses": 7912000000,
					"interestIncome": 136000000,
					"interestExpense": 58000000,
					"depreciationAndAmortization": 262000000,
					"ebitda": 4216000000,
					"ebitdaratio": 0.3598497780812564,
					"operatingIncome": 3804000000,
					"operatingIncomeRatio": 0.3246841925571868,
					"totalOtherIncomeExpensesNet": 92000000,
					"incomeBeforeTax": 3896000000,
					"incomeBeforeTaxRatio": 0.33253670194605667,
					"incomeTaxExpense": -245000000,
					"netIncome": 4141000000,
					"netIncomeRatio": 0.35344827586206895,
					"eps": 1.7025,
					"epsdiluted": 1.6575,
					"weightedAverageShsOut": 2432000000,
					"weightedAverageShsOutDil": 2500000000,
					"link": "https://www.sec.gov/Archives/edgar/data/1045810/000104581019000023/0001045810-19-000023-index.html",
					"finalLink": "https://www.sec.gov/Archives/edgar/data/1045810/000104581019000023/nvda-2019x10k.htm"
				},
				{
					"date": "2020-01-26",
					"symbol": "NVDA",
					"reportedCurrency": "USD",
					"cik": "0001045810",
					"fillingDate": "2020-02-20",
					"acceptedDate": "2020-02-20 16:38:18",
					"calendarYear": "2020",
					"period": "FY",
					"revenue": 10918000000,
					"costOfRevenue": 4150000000,
					"grossProfit": 6768000000,
					"grossProfitRatio": 0.619893753434695,
					"researchAndDevelopmentExpenses": 2829000000,
					"generalAndAdministrativeExpenses": 0,
					"sellingAndMarketingExpenses": 0,
					"sellingGeneralAndAdministrativeExpenses": 1093000000,
					"otherExpenses": 0,
					"operatingExpenses": 3922000000,
					"costAndExpenses": 8072000000,
					"interestIncome": 178000000,
					"interestExpense": 52000000,
					"depreciationAndAmortization": 381000000,
					"ebitda": 3403000000,
					"ebitdaratio": 0.3116871221835501,
					"operatingIncome": 2846000000,
					"operatingIncomeRatio": 0.2606704524638212,
					"totalOtherIncomeExpensesNet": 124000000,
					"incomeBeforeTax": 2970000000,
					"incomeBeforeTaxRatio": 0.27202784392745927,
					"incomeTaxExpense": 174000000,
					"netIncome": 2796000000,
					"netIncomeRatio": 0.2560908591317091,
					"eps": 1.1475,
					"epsdiluted": 1.13,
					"weightedAverageShsOut": 2436000000,
					"weightedAverageShsOutDil": 2472000000,
					"link": "https://www.sec.gov/Archives/edgar/data/1045810/000104581020000010/0001045810-20-000010-index.html",
					"finalLink": "https://www.sec.gov/Archives/edgar/data/1045810/000104581020000010/nvda-2020x10k.htm"
				},
				{
					"date": "2021-01-31",
					"symbol": "NVDA",
					"reportedCurrency": "USD",
					"cik": "0001045810",
					"fillingDate": "2021-02-26",
					"acceptedDate": "2021-02-26 17:03:14",
					"calendarYear": "2021",
					"period": "FY",
					"revenue": 16675000000,
					"costOfRevenue": 6279000000,
					"grossProfit": 10396000000,
					"grossProfitRatio": 0.623448275862069,
					"researchAndDevelopmentExpenses": 3924000000,
					"generalAndAdministrativeExpenses": 0,
					"sellingAndMarketingExpenses": 0,
					"sellingGeneralAndAdministrativeExpenses": 1940000000,
					"otherExpenses": 0,
					"operatingExpenses": 5864000000,
					"costAndExpenses": 12143000000,
					"interestIncome": 57000000,
					"interestExpense": 184000000,
					"depreciationAndAmortization": 1098000000,
					"ebitda": 5691000000,
					"ebitdaratio": 0.34128935532233884,
					"operatingIncome": 4532000000,
					"operatingIncomeRatio": 0.271784107946027,
					"totalOtherIncomeExpensesNet": -123000000,
					"incomeBeforeTax": 4409000000,
					"incomeBeforeTaxRatio": 0.26440779610194903,
					"incomeTaxExpense": 77000000,
					"netIncome": 4332000000,
					"netIncomeRatio": 0.25979010494752625,
					"eps": 1.755,
					"epsdiluted": 1.725,
					"weightedAverageShsOut": 2468000000,
					"weightedAverageShsOutDil": 2512000000,
					"link": "https://www.sec.gov/Archives/edgar/data/1045810/000104581021000010/0001045810-21-000010-index.htm",
					"finalLink": "https://www.sec.gov/Archives/edgar/data/1045810/000104581021000010/nvda-20210131.htm"
				},
				{
					"date": "2022-01-30",
					"symbol": "NVDA",
					"reportedCurrency": "USD",
					"cik": "0001045810",
					"fillingDate": "2022-03-18",
					"acceptedDate": "2022-02-15 19:00:00",
					"calendarYear": "2022",
					"period": "FY",
					"revenue": 26914000000,
					"costOfRevenue": 9439000000,
					"grossProfit": 17475000000,
					"grossProfitRatio": 0.6492903321691313,
					"researchAndDevelopmentExpenses": 5268000000,
					"generalAndAdministrativeExpenses": 0,
					"sellingAndMarketingExpenses": 0,
					"sellingGeneralAndAdministrativeExpenses": 2166000000,
					"otherExpenses": 0,
					"operatingExpenses": 7434000000,
					"costAndExpenses": 16873000000,
					"interestIncome": 29000000,
					"interestExpense": 236000000,
					"depreciationAndAmortization": 1174000000,
					"ebitda": 11351000000,
					"ebitdaratio": 0.42175076168536824,
					"operatingIncome": 10041000000,
					"operatingIncomeRatio": 0.3730772088875678,
					"totalOtherIncomeExpensesNet": -100000000,
					"incomeBeforeTax": 9941000000,
					"incomeBeforeTaxRatio": 0.36936167050605634,
					"incomeTaxExpense": 189000000,
					"netIncome": 9752000000,
					"netIncomeRatio": 0.3623393029649996,
					"eps": 3.91,
					"epsdiluted": 3.85,
					"weightedAverageShsOut": 2496000000,
					"weightedAverageShsOutDil": 2535000000,
					"link": "https://www.sec.gov/Archives/edgar/data/1045810/000104581022000036/0001045810-22-000036-index.htm",
					"finalLink": "https://www.sec.gov/Archives/edgar/data/1045810/000104581022000036/nvda-20220130.htm"
				}
			],
			"quarterly": [
				{
					"date": "1999-05-02",
					"symbol": "NVDA",
					"reportedCurrency": "USD",
					"cik": "0001045810",
					"fillingDate": "1999-06-15",
					"acceptedDate": "1999-06-15 00:00:00",
					"calendarYear": "2000",
					"period": "Q1",
					"revenue": 71000000,
					"costOfRevenue": 44200000,
					"grossProfit": 26800000,
					"grossProfitRatio": 0.37746478873239436,
					"researchAndDevelopmentExpenses": 8800000,
					"generalAndAdministrativeExpenses": 0,
					"sellingAndMarketingExpenses": 0,
					"sellingGeneralAndAdministrativeExpenses": 7300000,
					"otherExpenses": 1700000,
					"operatingExpenses": 17800000,
					"costAndExpenses": 62000000,
					"interestIncome": 0,
					"interestExpense": 0,
					"depreciationAndAmortization": 1700000,
					"ebitda": 11100000,
					"ebitdaratio": 0.1563380281690141,
					"operatingIncome": 9000000,
					"operatingIncomeRatio": 0.1267605633802817,
					"totalOtherIncomeExpensesNet": 400000,
					"incomeBeforeTax": 9400000,
					"incomeBeforeTaxRatio": 0.1323943661971831,
					"incomeTaxExpense": 3100000,
					"netIncome": 6300000,
					"netIncomeRatio": 0.08873239436619719,
					"eps": 0.004586,
					"epsdiluted": 0.003752,
					"weightedAverageShsOut": 1373821076,
					"weightedAverageShsOutDil": 1679104478,
					"link": "https://www.sec.gov/Archives/edgar/data/1045810/000101287099001954/0001012870-99-001954-index.html",
					"finalLink": "https://www.sec.gov/Archives/edgar/data/1045810/0001012870-99-001954.txt"
				},
				{
					"date": "1999-08-01",
					"symbol": "NVDA",
					"reportedCurrency": "USD",
					"cik": "0001045810",
					"fillingDate": "1999-09-10",
					"acceptedDate": "1999-09-10 00:00:00",
					"calendarYear": "2000",
					"period": "Q2",
					"revenue": 78000000,
					"costOfRevenue": 47200000,
					"grossProfit": 30800000,
					"grossProfitRatio": 0.39487179487179486,
					"researchAndDevelopmentExpenses": 10800000,
					"generalAndAdministrativeExpenses": 0,
					"sellingAndMarketingExpenses": 0,
					"sellingGeneralAndAdministrativeExpenses": 8100000,
					"otherExpenses": 2400000,
					"operatingExpenses": 21300000,
					"costAndExpenses": 68500000,
					"interestIncome": 0,
					"interestExpense": 0,
					"depreciationAndAmortization": 2400000,
					"ebitda": 12200000,
					"ebitdaratio": 0.1564102564102564,
					"operatingIncome": 9500000,
					"operatingIncomeRatio": 0.12179487179487179,
					"totalOtherIncomeExpensesNet": 300000,
					"incomeBeforeTax": 9800000,
					"incomeBeforeTaxRatio": 0.12564102564102564,
					"incomeTaxExpense": 3100000,
					"netIncome": 6700000,
					"netIncomeRatio": 0.0858974358974359,
					"eps": 0.005003,
					"epsdiluted": 0.004169,
					"weightedAverageShsOut": 1339330335,
					"weightedAverageShsOutDil": 1607196402,
					"link": "https://www.sec.gov/Archives/edgar/data/1045810/000089843099003541/0000898430-99-003541-index.html",
					"finalLink": "https://www.sec.gov/Archives/edgar/data/1045810/0000898430-99-003541.txt"
				},
				{
					"date": "1999-10-31",
					"symbol": "NVDA",
					"reportedCurrency": "USD",
					"cik": "0001045810",
					"fillingDate": "1999-12-10",
					"acceptedDate": "1999-12-10 00:00:00",
					"calendarYear": "2000",
					"period": "Q3",
					"revenue": 97000000,
					"costOfRevenue": 57600000,
					"grossProfit": 39400000,
					"grossProfitRatio": 0.4061855670103093,
					"researchAndDevelopmentExpenses": 12400000,
					"generalAndAdministrativeExpenses": 0,
					"sellingAndMarketingExpenses": 0,
					"sellingGeneralAndAdministrativeExpenses": 9300000,
					"otherExpenses": 2600000,
					"operatingExpenses": 24300000,
					"costAndExpenses": 81900000,
					"interestIncome": 0,
					"interestExpense": 0,
					"depreciationAndAmortization": 2600000,
					"ebitda": 18200000,
					"ebitdaratio": 0.18762886597938144,
					"operatingIncome": 15100000,
					"operatingIncomeRatio": 0.1556701030927835,
					"totalOtherIncomeExpensesNet": 500000,
					"incomeBeforeTax": 15600000,
					"incomeBeforeTaxRatio": 0.16082474226804125,
					"incomeTaxExpense": 5000000,
					"netIncome": 10600000,
					"netIncomeRatio": 0.10927835051546392,
					"eps": 0.007504,
					"epsdiluted": 0.006253,
					"weightedAverageShsOut": 1412627020,
					"weightedAverageShsOutDil": 1695118538,
					"link": "https://www.sec.gov/Archives/edgar/data/1045810/000101287099004592/0001012870-99-004592-index.html",
					"finalLink": "https://www.sec.gov/Archives/edgar/data/1045810/0001012870-99-004592.txt"
				},
				{
					"date": "2000-01-30",
					"symbol": "NVDA",
					"reportedCurrency": "USD",
					"cik": "0001045810",
					"fillingDate": "2000-01-30",
					"acceptedDate": "2000-01-29 19:00:00",
					"calendarYear": "2000",
					"period": "Q4",
					"revenue": 128400000,
					"costOfRevenue": 76800000,
					"grossProfit": 51600000,
					"grossProfitRatio": 0.40186915887850466,
					"researchAndDevelopmentExpenses": 15400000,
					"generalAndAdministrativeExpenses": 0,
					"sellingAndMarketingExpenses": 0,
					"sellingGeneralAndAdministrativeExpenses": 12400000,
					"otherExpenses": 3000000,
					"operatingExpenses": 30800000,
					"costAndExpenses": 107600000,
					"interestIncome": 0,
					"interestExpense": 0,
					"depreciationAndAmortization": 3000000,
					"ebitda": 24500000,
					"ebitdaratio": 0.19080996884735202,
					"operatingIncome": 20800000,
					"operatingIncomeRatio": 0.16199376947040497,
					"totalOtherIncomeExpensesNet": 700000,
					"incomeBeforeTax": 21500000,
					"incomeBeforeTaxRatio": 0.1674454828660436,
					"incomeTaxExpense": 6900000,
					"netIncome": 14600000,
					"netIncomeRatio": 0.11370716510903427,
					"eps": 0.008100310696848646,
					"epsdiluted": 0.008100310696848646,
					"weightedAverageShsOut": 1802400000,
					"weightedAverageShsOutDil": 1802400000,
					"link": "",
					"finalLink": ""
				},
				{
					"date": "2000-04-30",
					"symbol": "NVDA",
					"reportedCurrency": "USD",
					"cik": "0001045810",
					"fillingDate": "2000-06-14",
					"acceptedDate": "2000-06-14 00:00:00",
					"calendarYear": "2001",
					"period": "Q1",
					"revenue": 148483000,
					"costOfRevenue": 89874000,
					"grossProfit": 58609000,
					"grossProfitRatio": 0.3947185873130257,
					"researchAndDevelopmentExpenses": 17830000,
					"generalAndAdministrativeExpenses": 0,
					"sellingAndMarketingExpenses": 0,
					"sellingGeneralAndAdministrativeExpenses": 12114000,
					"otherExpenses": 3101000,
					"operatingExpenses": 33045000,
					"costAndExpenses": 122919000,
					"interestIncome": 0,
					"interestExpense": 0,
					"depreciationAndAmortization": 3101000,
					"ebitda": 29993000,
					"ebitdaratio": 0.20199618811581124,
					"operatingIncome": 25564000,
					"operatingIncomeRatio": 0.17216785759985992,
					"totalOtherIncomeExpensesNet": 1328000,
					"incomeBeforeTax": 26892000,
					"incomeBeforeTaxRatio": 0.18111164241024225,
					"incomeTaxExpense": 8605000,
					"netIncome": 18287000,
					"netIncomeRatio": 0.12315888014116094,
					"eps": 0.012083,
					"epsdiluted": 0.009792,
					"weightedAverageShsOut": 1520640000,
					"weightedAverageShsOutDil": 1866672000,
					"link": "https://www.sec.gov/Archives/edgar/data/1045810/000101287000003358/0001012870-00-003358-index.html",
					"finalLink": "https://www.sec.gov/Archives/edgar/data/1045810/000101287000003358/0001012870-00-003358-0001.txt"
				},
				{
					"date": "2000-07-30",
					"symbol": "NVDA",
					"reportedCurrency": "USD",
					"cik": "0001045810",
					"fillingDate": "2000-09-13",
					"acceptedDate": "2000-09-13 00:00:00",
					"calendarYear": "2001",
					"period": "Q2",
					"revenue": 170398000,
					"costOfRevenue": 103288000,
					"grossProfit": 67110000,
					"grossProfitRatio": 0.39384265073533725,
					"researchAndDevelopmentExpenses": 20141000,
					"generalAndAdministrativeExpenses": 0,
					"sellingAndMarketingExpenses": 0,
					"sellingGeneralAndAdministrativeExpenses": 14603000,
					"otherExpenses": 3343000,
					"operatingExpenses": 38087000,
					"costAndExpenses": 141375000,
					"interestIncome": 0,
					"interestExpense": 0,
					"depreciationAndAmortization": 3343000,
					"ebitda": 36464000,
					"ebitdaratio": 0.2139931219849998,
					"operatingIncome": 29023000,
					"operatingIncomeRatio": 0.1703247690700595,
					"totalOtherIncomeExpensesNet": 4098000,
					"incomeBeforeTax": 33121000,
					"incomeBeforeTaxRatio": 0.1943743471167502,
					"incomeTaxExpense": 10599000,
					"netIncome": 22522000,
					"netIncomeRatio": 0.13217291282761534,
					"eps": 0.007292,
					"epsdiluted": 0.005833,
					"weightedAverageShsOut": 3101616000,
					"weightedAverageShsOutDil": 3815376000,
					"link": "https://www.sec.gov/Archives/edgar/data/1045810/000101287000004766/0001012870-00-004766-index.html",
					"finalLink": "https://www.sec.gov/Archives/edgar/data/1045810/000101287000004766/0001012870-00-004766-0001.txt"
				},
				{
					"date": "2000-10-29",
					"symbol": "NVDA",
					"reportedCurrency": "USD",
					"cik": "0001045810",
					"fillingDate": "2000-12-08",
					"acceptedDate": "2000-12-08 00:00:00",
					"calendarYear": "2001",
					"period": "Q3",
					"revenue": 198165000,
					"costOfRevenue": 120263000,
					"grossProfit": 77902000,
					"grossProfitRatio": 0.39311684707188455,
					"researchAndDevelopmentExpenses": 22023000,
					"generalAndAdministrativeExpenses": 0,
					"sellingAndMarketingExpenses": 0,
					"sellingGeneralAndAdministrativeExpenses": 14852000,
					"otherExpenses": 4380000,
					"operatingExpenses": 41255000,
					"costAndExpenses": 161518000,
					"interestIncome": 0,
					"interestExpense": 0,
					"depreciationAndAmortization": 4380000,
					"ebitda": 45657000,
					"ebitdaratio": 0.23039890999924306,
					"operatingIncome": 36647000,
					"operatingIncomeRatio": 0.18493174879519592,
					"totalOtherIncomeExpensesNet": 4630000,
					"incomeBeforeTax": 41277000,
					"incomeBeforeTaxRatio": 0.20829611687230337,
					"incomeTaxExpense": 13209000,
					"netIncome": 28068000,
					"netIncomeRatio": 0.14163954280523805,
					"eps": 0.017926,
					"epsdiluted": 0.014591,
					"weightedAverageShsOut": 1583280360,
					"weightedAverageShsOutDil": 1929475264,
					"link": "https://www.sec.gov/Archives/edgar/data/1045810/000101287000006127/0001012870-00-006127-index.html",
					"finalLink": "https://www.sec.gov/Archives/edgar/data/1045810/000101287000006127/0001012870-00-006127-0001.txt"
				},
				{
					"date": "2001-01-28",
					"symbol": "NVDA",
					"reportedCurrency": "USD",
					"cik": "0001045810",
					"fillingDate": "2001-05-25",
					"acceptedDate": "2001-05-25 00:00:00",
					"calendarYear": "2001",
					"period": "Q4",
					"revenue": 218218000,
					"costOfRevenue": 130837000,
					"grossProfit": 87381000,
					"grossProfitRatio": 0.4004298453839738,
					"researchAndDevelopmentExpenses": 26444000,
					"generalAndAdministrativeExpenses": 0,
					"sellingAndMarketingExpenses": 0,
					"sellingGeneralAndAdministrativeExpenses": 16868000,
					"otherExpenses": 5012000,
					"operatingExpenses": 48324000,
					"costAndExpenses": 179161000,
					"interestIncome": 0,
					"interestExpense": 0,
					"depreciationAndAmortization": 5012000,
					"ebitda": 50686000,
					"ebitdaratio": 0.23227231484112218,
					"operatingIncome": 39057000,
					"operatingIncomeRatio": 0.17898156888982578,
					"totalOtherIncomeExpensesNet": 6617000,
					"incomeBeforeTax": 45674000,
					"incomeBeforeTaxRatio": 0.20930445701087902,
					"incomeTaxExpense": 14614000,
					"netIncome": 31060000,
					"netIncomeRatio": 0.14233472949069279,
					"eps": 0.01602101792705543,
					"epsdiluted": 0.01602101792705543,
					"weightedAverageShsOut": 1941200000,
					"weightedAverageShsOutDil": 1941200000,
					"link": "https://www.sec.gov/Archives/edgar/data/1045810/000101287001501023/0001012870-01-501023-index.htm",
					"finalLink": "https://www.sec.gov/Archives/edgar/data/1045810/000101287001501023/d10k405a.txt"
				},
				{
					"date": "2001-04-29",
					"symbol": "NVDA",
					"reportedCurrency": "USD",
					"cik": "0001045810",
					"fillingDate": "2001-06-12",
					"acceptedDate": "2001-06-12 00:00:00",
					"calendarYear": "2002",
					"period": "Q1",
					"revenue": 240932000,
					"costOfRevenue": 143100000,
					"grossProfit": 97832000,
					"grossProfitRatio": 0.40605648066674416,
					"researchAndDevelopmentExpenses": 31206000,
					"generalAndAdministrativeExpenses": 0,
					"sellingAndMarketingExpenses": 0,
					"sellingGeneralAndAdministrativeExpenses": 18773000,
					"otherExpenses": 647000,
					"operatingExpenses": 50626000,
					"costAndExpenses": 193726000,
					"interestIncome": 0,
					"interestExpense": 0,
					"depreciationAndAmortization": 6199000,
					"ebitda": 43152000,
					"ebitdaratio": 0.1791044776119403,
					"operatingIncome": 31438000,
					"operatingIncomeRatio": 0.1304849501104046,
					"totalOtherIncomeExpensesNet": 5515000,
					"incomeBeforeTax": 36953000,
					"incomeBeforeTaxRatio": 0.1533752262049043,
					"incomeTaxExpense": 11086000,
					"netIncome": 25867000,
					"netIncomeRatio": 0.10736224328856275,
					"eps": 0.015417,
					"epsdiluted": 0.012917,
					"weightedAverageShsOut": 1663728000,
					"weightedAverageShsOutDil": 1988544000,
					"link": "https://www.sec.gov/Archives/edgar/data/1045810/000101287001501180/0001012870-01-501180-index.html",
					"finalLink": "https://www.sec.gov/Archives/edgar/data/1045810/000101287001501180/d10q.txt"
				},
				{
					"date": "2001-07-29",
					"symbol": "NVDA",
					"reportedCurrency": "USD",
					"cik": "0001045810",
					"fillingDate": "2001-09-10",
					"acceptedDate": "2001-09-10 00:00:00",
					"calendarYear": "2002",
					"period": "Q2",
					"revenue": 260259000,
					"costOfRevenue": 156571000,
					"grossProfit": 103688000,
					"grossProfitRatio": 0.3984031291905371,
					"researchAndDevelopmentExpenses": 33799000,
					"generalAndAdministrativeExpenses": 0,
					"sellingAndMarketingExpenses": 0,
					"sellingGeneralAndAdministrativeExpenses": 19802000,
					"otherExpenses": 4020000,
					"operatingExpenses": 57621000,
					"costAndExpenses": 214192000,
					"interestIncome": 0,
					"interestExpense": 0,
					"depreciationAndAmortization": 10622000,
					"ebitda": 58588000,
					"ebitdaratio": 0.22511421314920907,
					"operatingIncome": 45303000,
					"operatingIncomeRatio": 0.17406890827982893,
					"totalOtherIncomeExpensesNet": 2663000,
					"incomeBeforeTax": 47966000,
					"incomeBeforeTaxRatio": 0.18430102321149316,
					"incomeTaxExpense": 14390000,
					"netIncome": 33576000,
					"netIncomeRatio": 0.1290099477827856,
					"eps": 0.019583,
					"epsdiluted": 0.01625,
					"weightedAverageShsOut": 1702512000,
					"weightedAverageShsOutDil": 2043624000,
					"link": "https://www.sec.gov/Archives/edgar/data/1045810/000101287001501827/0001012870-01-501827-index.html",
					"finalLink": "https://www.sec.gov/Archives/edgar/data/1045810/000101287001501827/d10q.txt"
				},
				{
					"date": "2001-10-28",
					"symbol": "NVDA",
					"reportedCurrency": "USD",
					"cik": "0001045810",
					"fillingDate": "2001-11-23",
					"acceptedDate": "2001-11-23 00:00:00",
					"calendarYear": "2002",
					"period": "Q3",
					"revenue": 370241000,
					"costOfRevenue": 231698000,
					"grossProfit": 138543000,
					"grossProfitRatio": 0.3741968069446658,
					"researchAndDevelopmentExpenses": 44387000,
					"generalAndAdministrativeExpenses": 0,
					"sellingAndMarketingExpenses": 0,
					"sellingGeneralAndAdministrativeExpenses": 24786000,
					"otherExpenses": 7250000,
					"operatingExpenses": 76423000,
					"costAndExpenses": 308121000,
					"interestIncome": 0,
					"interestExpense": 0,
					"depreciationAndAmortization": 11917000,
					"ebitda": 75719000,
					"ebitdaratio": 0.20451273629878916,
					"operatingIncome": 62120000,
					"operatingIncomeRatio": 0.16778260646443802,
					"totalOtherIncomeExpensesNet": 1682000,
					"incomeBeforeTax": 63802000,
					"incomeBeforeTaxRatio": 0.1723255933297501,
					"incomeTaxExpense": 19141000,
					"netIncome": 44661000,
					"netIncomeRatio": 0.12062683495344924,
					"eps": 0.025846,
					"epsdiluted": 0.021678,
					"weightedAverageShsOut": 1727340328,
					"weightedAverageShsOutDil": 2040887556,
					"link": "https://www.sec.gov/Archives/edgar/data/1045810/000101287001502932/0001012870-01-502932-index.html",
					"finalLink": "https://www.sec.gov/Archives/edgar/data/1045810/000101287001502932/d10q.txt"
				},
				{
					"date": "2002-01-27",
					"symbol": "NVDA",
					"reportedCurrency": "USD",
					"cik": "0001045810",
					"fillingDate": "2002-01-27",
					"acceptedDate": "2002-01-26 19:00:00",
					"calendarYear": "2002",
					"period": "Q4",
					"revenue": 498039000,
					"costOfRevenue": 312669000,
					"grossProfit": 185370000,
					"grossProfitRatio": 0.3721997674880883,
					"researchAndDevelopmentExpenses": 44528000,
					"generalAndAdministrativeExpenses": 0,
					"sellingAndMarketingExpenses": 0,
					"sellingGeneralAndAdministrativeExpenses": 33824000,
					"otherExpenses": 4454000,
					"operatingExpenses": 82806000,
					"costAndExpenses": 395475000,
					"interestIncome": 0,
					"interestExpense": 0,
					"depreciationAndAmortization": 14759000,
					"ebitda": 118787000,
					"ebitdaratio": 0.2385094340001486,
					"operatingIncome": 102871000,
					"operatingIncomeRatio": 0.20655209732571145,
					"totalOtherIncomeExpensesNet": 1157000,
					"incomeBeforeTax": 104028000,
					"incomeBeforeTaxRatio": 0.2088752085680037,
					"incomeTaxExpense": 31208000,
					"netIncome": 72820000,
					"netIncomeRatio": 0.1462134491475567,
					"eps": 0.03573443671243182,
					"epsdiluted": 0.03573443671243182,
					"weightedAverageShsOut": 2126800000,
					"weightedAverageShsOutDil": 2126800000,
					"link": "",
					"finalLink": ""
				},
				{
					"date": "2002-04-28",
					"symbol": "NVDA",
					"reportedCurrency": "USD",
					"cik": "0001045810",
					"fillingDate": "2002-05-14",
					"acceptedDate": "2002-05-14 08:11:42",
					"calendarYear": "2003",
					"period": "Q1",
					"revenue": 582905000,
					"costOfRevenue": 375740000,
					"grossProfit": 207165000,
					"grossProfitRatio": 0.35540096585206854,
					"researchAndDevelopmentExpenses": 52492000,
					"generalAndAdministrativeExpenses": 0,
					"sellingAndMarketingExpenses": 0,
					"sellingGeneralAndAdministrativeExpenses": 37482000,
					"otherExpenses": 0,
					"operatingExpenses": 89974000,
					"costAndExpenses": 465714000,
					"interestIncome": 0,
					"interestExpense": 0,
					"depreciationAndAmortization": 12830000,
					"ebitda": 131752000,
					"ebitdaratio": 0.2260265394875666,
					"operatingIncome": 117191000,
					"operatingIncomeRatio": 0.20104648270301337,
					"totalOtherIncomeExpensesNet": 1731000,
					"incomeBeforeTax": 118922000,
					"incomeBeforeTaxRatio": 0.2040160918159906,
					"incomeTaxExpense": 35677000,
					"netIncome": 83245000,
					"netIncomeRatio": 0.14281057805302752,
					"eps": 0.045833,
					"epsdiluted": 0.039167,
					"weightedAverageShsOut": 1808208000,
					"weightedAverageShsOutDil": 2190780000,
					"link": "https://www.sec.gov/Archives/edgar/data/1045810/000101287002002262/0001012870-02-002262-index.html",
					"finalLink": "https://www.sec.gov/Archives/edgar/data/1045810/000101287002002262/d10k.htm"
				},
				{
					"date": "2002-07-28",
					"symbol": "NVDA",
					"reportedCurrency": "USD",
					"cik": "0001045810",
					"fillingDate": "2002-09-10",
					"acceptedDate": "2002-09-10 15:37:19",
					"calendarYear": "2003",
					"period": "Q2",
					"revenue": 427285000,
					"costOfRevenue": 327983000,
					"grossProfit": 99302000,
					"grossProfitRatio": 0.23240226078612636,
					"researchAndDevelopmentExpenses": 57229000,
					"generalAndAdministrativeExpenses": 0,
					"sellingAndMarketingExpenses": 0,
					"sellingGeneralAndAdministrativeExpenses": 35908000,
					"otherExpenses": 0,
					"operatingExpenses": 93137000,
					"costAndExpenses": 421120000,
					"interestIncome": 0,
					"interestExpense": 0,
					"depreciationAndAmortization": 14069000,
					"ebitda": 21574000,
					"ebitdaratio": 0.050490890155282776,
					"operatingIncome": 6165000,
					"operatingIncomeRatio": 0.014428308974103935,
					"totalOtherIncomeExpensesNet": 1340000,
					"incomeBeforeTax": 7505000,
					"incomeBeforeTaxRatio": 0.01756438910797243,
					"incomeTaxExpense": 2251000,
					"netIncome": 5254000,
					"netIncomeRatio": 0.01229624255473513,
					"eps": 0.0025,
					"epsdiluted": 0.0025,
					"weightedAverageShsOut": 1827552000,
					"weightedAverageShsOutDil": 2025240000,
					"link": "https://www.sec.gov/Archives/edgar/data/1045810/000101287002003728/0001012870-02-003728-index.html",
					"finalLink": "https://www.sec.gov/Archives/edgar/data/1045810/000101287002003728/d10q.htm"
				},
				{
					"date": "2002-10-27",
					"symbol": "NVDA",
					"reportedCurrency": "USD",
					"cik": "0001045810",
					"fillingDate": "2002-12-10",
					"acceptedDate": "2002-12-10 16:24:33",
					"calendarYear": "2003",
					"period": "Q3",
					"revenue": 430304000,
					"costOfRevenue": 322106000,
					"grossProfit": 108198000,
					"grossProfitRatio": 0.2514454897003049,
					"researchAndDevelopmentExpenses": 57779000,
					"generalAndAdministrativeExpenses": 0,
					"sellingAndMarketingExpenses": 0,
					"sellingGeneralAndAdministrativeExpenses": 38693000,
					"otherExpenses": 61832000,
					"operatingExpenses": 158304000,
					"costAndExpenses": 480410000,
					"interestIncome": 0,
					"interestExpense": 0,
					"depreciationAndAmortization": 16166000,
					"ebitda": -32470000,
					"ebitdaratio": -0.0754582806573957,
					"operatingIncome": -50106000,
					"operatingIncomeRatio": -0.11644325871941696,
					"totalOtherIncomeExpensesNet": 1470000,
					"incomeBeforeTax": -48636000,
					"incomeBeforeTaxRatio": -0.11302706923477356,
					"incomeTaxExpense": 0,
					"netIncome": -48636000,
					"netIncomeRatio": -0.11302706923477356,
					"eps": -0.02668,
					"epsdiluted": -0.02668,
					"weightedAverageShsOut": 1839976012,
					"weightedAverageShsOutDil": 1839976012,
					"link": "https://www.sec.gov/Archives/edgar/data/1045810/000101287002004623/0001012870-02-004623-index.html",
					"finalLink": "https://www.sec.gov/Archives/edgar/data/1045810/000101287002004623/d10q.htm"
				},
				{
					"date": "2003-01-26",
					"symbol": "NVDA",
					"reportedCurrency": "USD",
					"cik": "0001045810",
					"fillingDate": "2003-04-25",
					"acceptedDate": "2003-04-24 21:55:57",
					"calendarYear": "2003",
					"period": "Q4",
					"revenue": 468953000,
					"costOfRevenue": 307606000,
					"grossProfit": 161347000,
					"grossProfitRatio": 0.3440579333110141,
					"researchAndDevelopmentExpenses": 57373000,
					"generalAndAdministrativeExpenses": 0,
					"sellingAndMarketingExpenses": 0,
					"sellingGeneralAndAdministrativeExpenses": 95070000,
					"otherExpenses": -61832000,
					"operatingExpenses": 90611000,
					"costAndExpenses": 398217000,
					"interestIncome": 0,
					"interestExpense": 0,
					"depreciationAndAmortization": 15151000,
					"ebitda": 87917000,
					"ebitdaratio": 0.1874750774597881,
					"operatingIncome": 70736000,
					"operatingIncomeRatio": 0.15083814369457066,
					"totalOtherIncomeExpensesNet": 2030000,
					"incomeBeforeTax": 72766000,
					"incomeBeforeTaxRatio": 0.15516693570571038,
					"incomeTaxExpense": 21830000,
					"netIncome": 50936000,
					"netIncomeRatio": 0.10861642851202573,
					"eps": 0.025318344608038203,
					"epsdiluted": 0.025318344608038203,
					"weightedAverageShsOut": 2010400000,
					"weightedAverageShsOutDil": 2010400000,
					"link": "https://www.sec.gov/Archives/edgar/data/1045810/000104596903001196/0001045969-03-001196-index.html",
					"finalLink": "https://www.sec.gov/Archives/edgar/data/1045810/000104596903001196/d10k.htm"
				},
				{
					"date": "2003-04-30",
					"symbol": "NVDA",
					"reportedCurrency": "USD",
					"cik": "0001045810",
					"fillingDate": "2003-04-30",
					"acceptedDate": "2003-04-29 20:00:00",
					"calendarYear": "2004",
					"period": "Q1",
					"revenue": 404983000,
					"costOfRevenue": 278415000,
					"grossProfit": 126568000,
					"grossProfitRatio": 0.31252669865154836,
					"researchAndDevelopmentExpenses": 59310000,
					"generalAndAdministrativeExpenses": 0,
					"sellingAndMarketingExpenses": 0,
					"sellingGeneralAndAdministrativeExpenses": 40910000,
					"otherExpenses": 0,
					"operatingExpenses": 100220000,
					"costAndExpenses": 378635000,
					"interestIncome": null,
					"interestExpense": 0,
					"depreciationAndAmortization": 15958000,
					"ebitda": 44168000,
					"ebitdaratio": 0.10906136800803984,
					"operatingIncome": 26348000,
					"operatingIncomeRatio": 0.06505952101693158,
					"totalOtherIncomeExpensesNet": 1862000,
					"incomeBeforeTax": 28210000,
					"incomeBeforeTaxRatio": 0.06965724487200697,
					"incomeTaxExpense": 8463000,
					"netIncome": 19747000,
					"netIncomeRatio": 0.04876007141040488,
					"eps": 0.01,
					"epsdiluted": 0.01,
					"weightedAverageShsOut": 1903464000,
					"weightedAverageShsOutDil": 2015100000,
					"link": "",
					"finalLink": ""
				},
				{
					"date": "2003-07-31",
					"symbol": "NVDA",
					"reportedCurrency": "USD",
					"cik": "0001045810",
					"fillingDate": "2003-07-31",
					"acceptedDate": "2003-07-30 20:00:00",
					"calendarYear": "2004",
					"period": "Q2",
					"revenue": 459774000,
					"costOfRevenue": 329800000,
					"grossProfit": 129974000,
					"grossProfitRatio": 0.28269106126053234,
					"researchAndDevelopmentExpenses": 65620000,
					"generalAndAdministrativeExpenses": 0,
					"sellingAndMarketingExpenses": 0,
					"sellingGeneralAndAdministrativeExpenses": 39722000,
					"otherExpenses": 0,
					"operatingExpenses": 105342000,
					"costAndExpenses": 435142000,
					"interestIncome": null,
					"interestExpense": 0,
					"depreciationAndAmortization": 19610000,
					"ebitda": 46271000,
					"ebitdaratio": 0.1006385746040446,
					"operatingIncome": 24632000,
					"operatingIncomeRatio": 0.053574147298455325,
					"totalOtherIncomeExpensesNet": 2029000,
					"incomeBeforeTax": 26661000,
					"incomeBeforeTaxRatio": 0.05798718500828668,
					"incomeTaxExpense": 2511000,
					"netIncome": 24150000,
					"netIncomeRatio": 0.05252580615693797,
					"eps": 0.0125,
					"epsdiluted": 0.011667,
					"weightedAverageShsOut": 1920924000,
					"weightedAverageShsOutDil": 2094612000,
					"link": "",
					"finalLink": ""
				},
				{
					"date": "2003-10-31",
					"symbol": "NVDA",
					"reportedCurrency": "USD",
					"cik": "0001045810",
					"fillingDate": "2003-10-31",
					"acceptedDate": "2003-10-30 19:00:00",
					"calendarYear": "2004",
					"period": "Q3",
					"revenue": 486069000,
					"costOfRevenue": 351938000,
					"grossProfit": 134131000,
					"grossProfitRatio": 0.27595053377195417,
					"researchAndDevelopmentExpenses": 73052000,
					"generalAndAdministrativeExpenses": 0,
					"sellingAndMarketingExpenses": 0,
					"sellingGeneralAndAdministrativeExpenses": 42218000,
					"otherExpenses": 0,
					"operatingExpenses": 115270000,
					"costAndExpenses": 467208000,
					"interestIncome": null,
					"interestExpense": 0,
					"depreciationAndAmortization": 22842000,
					"ebitda": 28395000,
					"ebitdaratio": 0.058417632064583426,
					"operatingIncome": 15361000,
					"operatingIncomeRatio": 0.03160250910878908,
					"totalOtherIncomeExpensesNet": -9808000,
					"incomeBeforeTax": 5553000,
					"incomeBeforeTaxRatio": 0.011424303956845632,
					"incomeTaxExpense": -803000,
					"netIncome": 6356000,
					"netIncomeRatio": 0.013076332784028605,
					"eps": 0.003335,
					"epsdiluted": 0.003335,
					"weightedAverageShsOut": 1938014992,
					"weightedAverageShsOutDil": 2076749624,
					"link": "",
					"finalLink": ""
				},
				{
					"date": "2004-01-31",
					"symbol": "NVDA",
					"reportedCurrency": "USD",
					"cik": "0001045810",
					"fillingDate": "2004-01-31",
					"acceptedDate": "2004-01-30 19:00:00",
					"calendarYear": "2004",
					"period": "Q4",
					"revenue": 472119000,
					"costOfRevenue": 333914000,
					"grossProfit": 138205000,
					"grossProfitRatio": 0.292733399841989,
					"researchAndDevelopmentExpenses": 71990000,
					"generalAndAdministrativeExpenses": 0,
					"sellingAndMarketingExpenses": 0,
					"sellingGeneralAndAdministrativeExpenses": 42399000,
					"otherExpenses": 0,
					"operatingExpenses": 114389000,
					"costAndExpenses": 448303000,
					"interestIncome": null,
					"interestExpense": 0,
					"depreciationAndAmortization": 24278000,
					"ebitda": 50527000,
					"ebitdaratio": 0.10702174663591171,
					"operatingIncome": 23816000,
					"operatingIncomeRatio": 0.05044490901658268,
					"totalOtherIncomeExpensesNet": 2433000,
					"incomeBeforeTax": 26249000,
					"incomeBeforeTaxRatio": 0.055598270774952926,
					"incomeTaxExpense": 2083000,
					"netIncome": 24166000,
					"netIncomeRatio": 0.051186247535049426,
					"eps": 0.012469459782176959,
					"epsdiluted": 0.012469459782176959,
					"weightedAverageShsOut": 1938014992,
					"weightedAverageShsOutDil": 1938014992,
					"link": "",
					"finalLink": ""
				},
				{
					"date": "2004-04-25",
					"symbol": "NVDA",
					"reportedCurrency": "USD",
					"cik": "0001045810",
					"fillingDate": "2004-05-20",
					"acceptedDate": "2004-05-20 13:56:18",
					"calendarYear": "2005",
					"period": "Q1",
					"revenue": 471905000,
					"costOfRevenue": 323069000,
					"grossProfit": 148836000,
					"grossProfitRatio": 0.3153939881967769,
					"researchAndDevelopmentExpenses": 77750000,
					"generalAndAdministrativeExpenses": 0,
					"sellingAndMarketingExpenses": 0,
					"sellingGeneralAndAdministrativeExpenses": 47206000,
					"otherExpenses": 0,
					"operatingExpenses": 124956000,
					"costAndExpenses": 448025000,
					"interestIncome": 0,
					"interestExpense": 0,
					"depreciationAndAmortization": 23412000,
					"ebitda": 50099000,
					"ebitdaratio": 0.106163316769265,
					"operatingIncome": 23880000,
					"operatingIncomeRatio": 0.05060340534641506,
					"totalOtherIncomeExpensesNet": 2807000,
					"incomeBeforeTax": 26687000,
					"incomeBeforeTaxRatio": 0.056551636452252044,
					"incomeTaxExpense": 5338000,
					"netIncome": 21349000,
					"netIncomeRatio": 0.04524003771945625,
					"eps": 0.010833,
					"epsdiluted": 0.01,
					"weightedAverageShsOut": 1982052000,
					"weightedAverageShsOutDil": 2141748000,
					"link": "https://www.sec.gov/Archives/edgar/data/1045810/000104581004000015/0001045810-04-000015-index.html",
					"finalLink": "https://www.sec.gov/Archives/edgar/data/1045810/000104581004000015/q105form10-q.htm"
				},
				{
					"date": "2004-07-25",
					"symbol": "NVDA",
					"reportedCurrency": "USD",
					"cik": "0001045810",
					"fillingDate": "2004-08-19",
					"acceptedDate": "2004-08-19 14:21:23",
					"calendarYear": "2005",
					"period": "Q2",
					"revenue": 456061000,
					"costOfRevenue": 315968000,
					"grossProfit": 140093000,
					"grossProfitRatio": 0.3071803991132765,
					"researchAndDevelopmentExpenses": 85420000,
					"generalAndAdministrativeExpenses": 0,
					"sellingAndMarketingExpenses": 0,
					"sellingGeneralAndAdministrativeExpenses": 50874000,
					"otherExpenses": 0,
					"operatingExpenses": 136294000,
					"costAndExpenses": 452262000,
					"interestIncome": 0,
					"interestExpense": 0,
					"depreciationAndAmortization": 24074000,
					"ebitda": 30473000,
					"ebitdaratio": 0.06681781603776688,
					"operatingIncome": 3799000,
					"operatingIncomeRatio": 0.008330026027220043,
					"totalOtherIncomeExpensesNet": 2600000,
					"incomeBeforeTax": 6399000,
					"incomeBeforeTaxRatio": 0.014031017780516204,
					"incomeTaxExpense": 1280000,
					"netIncome": 5119000,
					"netIncomeRatio": 0.011224375686585786,
					"eps": 0.0025,
					"epsdiluted": 0.0025,
					"weightedAverageShsOut": 1995024000,
					"weightedAverageShsOutDil": 2129028000,
					"link": "https://www.sec.gov/Archives/edgar/data/1045810/000104581004000023/0001045810-04-000023-index.html",
					"finalLink": "https://www.sec.gov/Archives/edgar/data/1045810/000104581004000023/q205form10q.htm"
				},
				{
					"date": "2004-10-24",
					"symbol": "NVDA",
					"reportedCurrency": "USD",
					"cik": "0001045810",
					"fillingDate": "2004-11-22",
					"acceptedDate": "2004-11-22 15:12:02",
					"calendarYear": "2005",
					"period": "Q3",
					"revenue": 515591000,
					"costOfRevenue": 348849000,
					"grossProfit": 166742000,
					"grossProfitRatio": 0.32339974902587515,
					"researchAndDevelopmentExpenses": 87880000,
					"generalAndAdministrativeExpenses": 0,
					"sellingAndMarketingExpenses": 0,
					"sellingGeneralAndAdministrativeExpenses": 50104000,
					"otherExpenses": 0,
					"operatingExpenses": 137984000,
					"costAndExpenses": 486833000,
					"interestIncome": 0,
					"interestExpense": 0,
					"depreciationAndAmortization": 24026000,
					"ebitda": 56375000,
					"ebitdaratio": 0.10934054318248379,
					"operatingIncome": 28758000,
					"operatingIncomeRatio": 0.05577676879542118,
					"totalOtherIncomeExpensesNet": 3591000,
					"incomeBeforeTax": 32349000,
					"incomeBeforeTaxRatio": 0.06274159168798524,
					"incomeTaxExpense": 6470000,
					"netIncome": 25879000,
					"netIncomeRatio": 0.050192885446022135,
					"eps": 0.01334,
					"epsdiluted": 0.012506,
					"weightedAverageShsOut": 1992467768,
					"weightedAverageShsOutDil": 2073391304,
					"link": "https://www.sec.gov/Archives/edgar/data/1045810/000104581004000034/0001045810-04-000034-index.html",
					"finalLink": "https://www.sec.gov/Archives/edgar/data/1045810/000104581004000034/q305form10q.htm"
				},
				{
					"date": "2005-01-30",
					"symbol": "NVDA",
					"reportedCurrency": "USD",
					"cik": "0001045810",
					"fillingDate": "2005-03-22",
					"acceptedDate": "2005-03-22 14:33:30",
					"calendarYear": "2005",
					"period": "Q4",
					"revenue": 566476000,
					"costOfRevenue": 372661000,
					"grossProfit": 193815000,
					"grossProfitRatio": 0.3421415911706763,
					"researchAndDevelopmentExpenses": 84054000,
					"generalAndAdministrativeExpenses": 0,
					"sellingAndMarketingExpenses": 0,
					"sellingGeneralAndAdministrativeExpenses": 52605000,
					"otherExpenses": 0,
					"operatingExpenses": 136659000,
					"costAndExpenses": 509320000,
					"interestIncome": 0,
					"interestExpense": 0,
					"depreciationAndAmortization": 31085000,
					"ebitda": 91095000,
					"ebitdaratio": 0.1608099901849328,
					"operatingIncome": 57156000,
					"operatingIncomeRatio": 0.10089747844568879,
					"totalOtherIncomeExpensesNet": 2854000,
					"incomeBeforeTax": 60010000,
					"incomeBeforeTaxRatio": 0.10593564422852866,
					"incomeTaxExpense": 12001000,
					"netIncome": 48009000,
					"netIncomeRatio": 0.08475028068267676,
					"eps": 0.022539444027047332,
					"epsdiluted": 0.022539444027047332,
					"weightedAverageShsOut": 2129600000,
					"weightedAverageShsOutDil": 2129600000,
					"link": "https://www.sec.gov/Archives/edgar/data/1045810/000104581005000008/0001045810-05-000008-index.html",
					"finalLink": "https://www.sec.gov/Archives/edgar/data/1045810/000104581005000008/annualreport.htm"
				},
				{
					"date": "2005-05-01",
					"symbol": "NVDA",
					"reportedCurrency": "USD",
					"cik": "0001045810",
					"fillingDate": "2005-06-02",
					"acceptedDate": "2005-06-02 16:39:58",
					"calendarYear": "2006",
					"period": "Q1",
					"revenue": 583846000,
					"costOfRevenue": 373693000,
					"grossProfit": 210153000,
					"grossProfitRatio": 0.3599459446497878,
					"researchAndDevelopmentExpenses": 85913000,
					"generalAndAdministrativeExpenses": 0,
					"sellingAndMarketingExpenses": 0,
					"sellingGeneralAndAdministrativeExpenses": 48058000,
					"otherExpenses": 0,
					"operatingExpenses": 133971000,
					"costAndExpenses": 507664000,
					"interestIncome": 0,
					"interestExpense": 0,
					"depreciationAndAmortization": 24893000,
					"ebitda": 105448000,
					"ebitdaratio": 0.18060927025277212,
					"operatingIncome": 76182000,
					"operatingIncomeRatio": 0.13048303833545147,
					"totalOtherIncomeExpensesNet": 4373000,
					"incomeBeforeTax": 80555000,
					"incomeBeforeTaxRatio": 0.1379730271338675,
					"incomeTaxExpense": 16111000,
					"netIncome": 64444000,
					"netIncomeRatio": 0.110378421707094,
					"eps": 0.031667,
					"epsdiluted": 0.03,
					"weightedAverageShsOut": 2023764000,
					"weightedAverageShsOutDil": 2165904000,
					"link": "https://www.sec.gov/Archives/edgar/data/1045810/000104581005000008/annualreport.htm",
					"finalLink": "https://www.sec.gov/Archives/edgar/data/1045810/000104581005000008/annualreport.htm"
				},
				{
					"date": "2005-07-31",
					"symbol": "NVDA",
					"reportedCurrency": "USD",
					"cik": "0001045810",
					"fillingDate": "2005-08-25",
					"acceptedDate": "2005-08-25 13:25:53",
					"calendarYear": "2006",
					"period": "Q2",
					"revenue": 574812000,
					"costOfRevenue": 357278000,
					"grossProfit": 217534000,
					"grossProfitRatio": 0.3784437346471542,
					"researchAndDevelopmentExpenses": 85814000,
					"generalAndAdministrativeExpenses": 0,
					"sellingAndMarketingExpenses": 0,
					"sellingGeneralAndAdministrativeExpenses": 51683000,
					"otherExpenses": 0,
					"operatingExpenses": 137497000,
					"costAndExpenses": 494775000,
					"interestIncome": 0,
					"interestExpense": 0,
					"depreciationAndAmortization": 24774000,
					"ebitda": 110030000,
					"ebitdaratio": 0.1914191074647015,
					"operatingIncome": 80037000,
					"operatingIncomeRatio": 0.13924030813552954,
					"totalOtherIncomeExpensesNet": 5219000,
					"incomeBeforeTax": 85256000,
					"incomeBeforeTaxRatio": 0.14831979847323995,
					"incomeTaxExpense": 10419000,
					"netIncome": 74837000,
					"netIncomeRatio": 0.13019387208339422,
					"eps": 0.036667,
					"epsdiluted": 0.034167,
					"weightedAverageShsOut": 2027316000,
					"weightedAverageShsOutDil": 2169480000,
					"link": "https://www.sec.gov/Archives/edgar/data/1045810/000104581005000024/q206form10q.htm",
					"finalLink": "https://www.sec.gov/Archives/edgar/data/1045810/000104581005000024/q206form10q.htm"
				},
				{
					"date": "2005-10-30",
					"symbol": "NVDA",
					"reportedCurrency": "USD",
					"cik": "0001045810",
					"fillingDate": "2005-11-23",
					"acceptedDate": "2005-11-23 13:16:35",
					"calendarYear": "2006",
					"period": "Q3",
					"revenue": 583415000,
					"costOfRevenue": 355247000,
					"grossProfit": 228168000,
					"grossProfitRatio": 0.3910903902025145,
					"researchAndDevelopmentExpenses": 87937000,
					"generalAndAdministrativeExpenses": 0,
					"sellingAndMarketingExpenses": 0,
					"sellingGeneralAndAdministrativeExpenses": 54537000,
					"otherExpenses": 14158000,
					"operatingExpenses": 156632000,
					"costAndExpenses": 511879000,
					"interestIncome": 0,
					"interestExpense": 0,
					"depreciationAndAmortization": 24522000,
					"ebitda": 102204000,
					"ebitdaratio": 0.17518233161643085,
					"operatingIncome": 71536000,
					"operatingIncomeRatio": 0.122615976620416,
					"totalOtherIncomeExpensesNet": 6146000,
					"incomeBeforeTax": 77682000,
					"incomeBeforeTaxRatio": 0.1331505017868927,
					"incomeTaxExpense": 12429000,
					"netIncome": 65253000,
					"netIncomeRatio": 0.11184662718647961,
					"eps": 0.031683,
					"epsdiluted": 0.030015,
					"weightedAverageShsOut": 2040503748,
					"weightedAverageShsOutDil": 2201103448,
					"link": "https://www.sec.gov/Archives/edgar/data/1045810/000104581005000028/q306form10q.htm",
					"finalLink": "https://www.sec.gov/Archives/edgar/data/1045810/000104581005000028/q306form10q.htm"
				},
				{
					"date": "2006-01-29",
					"symbol": "NVDA",
					"reportedCurrency": "USD",
					"cik": "0001045810",
					"fillingDate": "2006-03-16",
					"acceptedDate": "2006-03-16 17:08:37",
					"calendarYear": "2006",
					"period": "Q4",
					"revenue": 633614000,
					"costOfRevenue": 378674000,
					"grossProfit": 254940000,
					"grossProfitRatio": 0.4023585337445195,
					"researchAndDevelopmentExpenses": 92435000,
					"generalAndAdministrativeExpenses": 0,
					"sellingAndMarketingExpenses": 0,
					"sellingGeneralAndAdministrativeExpenses": 50163000,
					"otherExpenses": 0,
					"operatingExpenses": 142598000,
					"costAndExpenses": 521272000,
					"interestIncome": 0,
					"interestExpense": 0,
					"depreciationAndAmortization": 23788000,
					"ebitda": 140516000,
					"ebitdaratio": 0.2217690896981443,
					"operatingIncome": 112342000,
					"operatingIncomeRatio": 0.17730353180327454,
					"totalOtherIncomeExpensesNet": 4386000,
					"incomeBeforeTax": 116728000,
					"incomeBeforeTaxRatio": 0.18422572733557024,
					"incomeTaxExpense": 18676000,
					"netIncome": 98052000,
					"netIncomeRatio": 0.15475036852089757,
					"eps": 0.04365363929723915,
					"epsdiluted": 0.04365363929723915,
					"weightedAverageShsOut": 2231200000,
					"weightedAverageShsOutDil": 2231200000,
					"link": "https://www.sec.gov/Archives/edgar/data/1045810/000104581006000014/fy2006annualreportonform10-k.htm",
					"finalLink": "https://www.sec.gov/Archives/edgar/data/1045810/000104581006000014/fy2006annualreportonform10-k.htm"
				},
				{
					"date": "2006-04-30",
					"symbol": "NVDA",
					"reportedCurrency": "USD",
					"cik": "0001045810",
					"fillingDate": "2006-05-31",
					"acceptedDate": "2006-05-31 17:01:49",
					"calendarYear": "2007",
					"period": "Q1",
					"revenue": 681807000,
					"costOfRevenue": 393050000,
					"grossProfit": 288757000,
					"grossProfitRatio": 0.4235172123489492,
					"researchAndDevelopmentExpenses": 122404000,
					"generalAndAdministrativeExpenses": 0,
					"sellingAndMarketingExpenses": 0,
					"sellingGeneralAndAdministrativeExpenses": 65668000,
					"otherExpenses": 0,
					"operatingExpenses": 188072000,
					"costAndExpenses": 581122000,
					"interestIncome": 0,
					"interestExpense": 0,
					"depreciationAndAmortization": 24031000,
					"ebitda": 133279000,
					"ebitdaratio": 0.19547907252345606,
					"operatingIncome": 100685000,
					"operatingIncomeRatio": 0.14767375518291834,
					"totalOtherIncomeExpensesNet": 8563000,
					"incomeBeforeTax": 109248000,
					"incomeBeforeTaxRatio": 0.16023302782165627,
					"incomeTaxExpense": 18572000,
					"netIncome": 90676000,
					"netIncomeRatio": 0.13299364776248998,
					"eps": 0.043333,
					"epsdiluted": 0.038333,
					"weightedAverageShsOut": 2087622000,
					"weightedAverageShsOutDil": 2342220000,
					"link": "https://www.sec.gov/Archives/edgar/data/1045810/000104581006000014/fy2006annualreportonform10-k.htm",
					"finalLink": "https://www.sec.gov/Archives/edgar/data/1045810/000104581006000014/fy2006annualreportonform10-k.htm"
				},
				{
					"date": "2006-07-30",
					"symbol": "NVDA",
					"reportedCurrency": "USD",
					"cik": "0001045810",
					"fillingDate": "2006-11-29",
					"acceptedDate": "2006-11-29 06:20:46",
					"calendarYear": "2007",
					"period": "Q2",
					"revenue": 687519000,
					"costOfRevenue": 395391000,
					"grossProfit": 292128000,
					"grossProfitRatio": 0.42490171180723735,
					"researchAndDevelopmentExpenses": 127257000,
					"generalAndAdministrativeExpenses": 0,
					"sellingAndMarketingExpenses": 0,
					"sellingGeneralAndAdministrativeExpenses": 69055000,
					"otherExpenses": 0,
					"operatingExpenses": 196312000,
					"costAndExpenses": 591703000,
					"interestIncome": 0,
					"interestExpense": 0,
					"depreciationAndAmortization": 24208000,
					"ebitda": 128730000,
					"ebitdaratio": 0.18723846177342007,
					"operatingIncome": 95816000,
					"operatingIncomeRatio": 0.13936487573434334,
					"totalOtherIncomeExpensesNet": 8706000,
					"incomeBeforeTax": 104522000,
					"incomeBeforeTaxRatio": 0.1520277985044777,
					"incomeTaxExpense": 17769000,
					"netIncome": 86753000,
					"netIncomeRatio": 0.1261826945873496,
					"eps": 0.041667,
					"epsdiluted": 0.036667,
					"weightedAverageShsOut": 2101464000,
					"weightedAverageShsOutDil": 2313534000,
					"link": "https://www.sec.gov/Archives/edgar/data/1045810/000119312506243229/d10q.htm",
					"finalLink": "https://www.sec.gov/Archives/edgar/data/1045810/000119312506243229/d10q.htm"
				},
				{
					"date": "2006-10-29",
					"symbol": "NVDA",
					"reportedCurrency": "USD",
					"cik": "0001045810",
					"fillingDate": "2006-12-07",
					"acceptedDate": "2006-12-07 16:23:34",
					"calendarYear": "2007",
					"period": "Q3",
					"revenue": 820572000,
					"costOfRevenue": 486630000,
					"grossProfit": 333942000,
					"grossProfitRatio": 0.4069624603325485,
					"researchAndDevelopmentExpenses": 140732000,
					"generalAndAdministrativeExpenses": 0,
					"sellingAndMarketingExpenses": 0,
					"sellingGeneralAndAdministrativeExpenses": 75597000,
					"otherExpenses": 0,
					"operatingExpenses": 216329000,
					"costAndExpenses": 702959000,
					"interestIncome": 0,
					"interestExpense": 0,
					"depreciationAndAmortization": 25031000,
					"ebitda": 153358000,
					"ebitdaratio": 0.1868915829445801,
					"operatingIncome": 117613000,
					"operatingIncomeRatio": 0.14333050603725206,
					"totalOtherIncomeExpensesNet": 10714000,
					"incomeBeforeTax": 128327000,
					"incomeBeforeTaxRatio": 0.15638725181946253,
					"incomeTaxExpense": 21816000,
					"netIncome": 106511000,
					"netIncomeRatio": 0.12980091935869126,
					"eps": 0.050025,
					"epsdiluted": 0.045023,
					"weightedAverageShsOut": 2114884556,
					"weightedAverageShsOutDil": 2345757120,
					"link": "https://www.sec.gov/Archives/edgar/data/1045810/000104581006000035/q307form10q.htm",
					"finalLink": "https://www.sec.gov/Archives/edgar/data/1045810/000104581006000035/q307form10q.htm"
				},
				{
					"date": "2007-01-28",
					"symbol": "NVDA",
					"reportedCurrency": "USD",
					"cik": "0001045810",
					"fillingDate": "2007-03-16",
					"acceptedDate": "2007-03-16 14:12:51",
					"calendarYear": "2007",
					"period": "Q4",
					"revenue": 878873000,
					"costOfRevenue": 493167000,
					"grossProfit": 385706000,
					"grossProfitRatio": 0.4388643182803431,
					"researchAndDevelopmentExpenses": 162276000,
					"generalAndAdministrativeExpenses": 0,
					"sellingAndMarketingExpenses": 0,
					"sellingGeneralAndAdministrativeExpenses": 84916000,
					"otherExpenses": 0,
					"operatingExpenses": 247192000,
					"costAndExpenses": 740359000,
					"interestIncome": 0,
					"interestExpense": 0,
					"depreciationAndAmortization": 34292000,
					"ebitda": 185851000,
					"ebitdaratio": 0.21146513773889972,
					"operatingIncome": 138514000,
					"operatingIncomeRatio": 0.1576041134498386,
					"totalOtherIncomeExpensesNet": 13045000,
					"incomeBeforeTax": 151559000,
					"incomeBeforeTaxRatio": 0.17244698608331352,
					"incomeTaxExpense": -11947000,
					"netIncome": 163506000,
					"netIncomeRatio": 0.18604053145334992,
					"eps": 0.06829573934837092,
					"epsdiluted": 0.06829573934837092,
					"weightedAverageShsOut": 2394000000,
					"weightedAverageShsOutDil": 2394000000,
					"link": "https://www.sec.gov/Archives/edgar/data/1045810/000104581007000008/fy2007annualreportonform10-k.htm",
					"finalLink": "https://www.sec.gov/Archives/edgar/data/1045810/000104581007000008/fy2007annualreportonform10-k.htm"
				},
				{
					"date": "2007-04-30",
					"symbol": "NVDA",
					"reportedCurrency": "USD",
					"cik": "0001045810",
					"fillingDate": "2007-04-30",
					"acceptedDate": "2007-04-29 20:00:00",
					"calendarYear": "2008",
					"period": "Q1",
					"revenue": 844280000,
					"costOfRevenue": 464142000,
					"grossProfit": 380138000,
					"grossProfitRatio": 0.450251101530298,
					"researchAndDevelopmentExpenses": 158321000,
					"generalAndAdministrativeExpenses": 0,
					"sellingAndMarketingExpenses": 0,
					"sellingGeneralAndAdministrativeExpenses": 80571000,
					"otherExpenses": 0,
					"operatingExpenses": 238892000,
					"costAndExpenses": 703034000,
					"interestIncome": null,
					"interestExpense": 0,
					"depreciationAndAmortization": 31334000,
					"ebitda": 185123000,
					"ebitdaratio": 0.2192673046856493,
					"operatingIncome": 141246000,
					"operatingIncomeRatio": 0.16729757900222675,
					"totalOtherIncomeExpensesNet": 12543000,
					"incomeBeforeTax": 153789000,
					"incomeBeforeTaxRatio": 0.18215402473113185,
					"incomeTaxExpense": 21530000,
					"netIncome": 132259000,
					"netIncomeRatio": 0.15665300611171648,
					"eps": 0.061667,
					"epsdiluted": 0.055,
					"weightedAverageShsOut": 2164986000,
					"weightedAverageShsOutDil": 2393196000,
					"link": "",
					"finalLink": ""
				},
				{
					"date": "2007-07-31",
					"symbol": "NVDA",
					"reportedCurrency": "USD",
					"cik": "0001045810",
					"fillingDate": "2007-07-31",
					"acceptedDate": "2007-07-30 20:00:00",
					"calendarYear": "2008",
					"period": "Q2",
					"revenue": 935253000,
					"costOfRevenue": 511261000,
					"grossProfit": 423992000,
					"grossProfitRatio": 0.4533447099341034,
					"researchAndDevelopmentExpenses": 157952000,
					"generalAndAdministrativeExpenses": 0,
					"sellingAndMarketingExpenses": 0,
					"sellingGeneralAndAdministrativeExpenses": 81280000,
					"otherExpenses": 0,
					"operatingExpenses": 239232000,
					"costAndExpenses": 750493000,
					"interestIncome": null,
					"interestExpense": 0,
					"depreciationAndAmortization": 31892000,
					"ebitda": 232743000,
					"ebitdaratio": 0.24885565723927108,
					"operatingIncome": 184760000,
					"operatingIncomeRatio": 0.19755082314625028,
					"totalOtherIncomeExpensesNet": 16091000,
					"incomeBeforeTax": 200851000,
					"incomeBeforeTaxRatio": 0.21475579335217315,
					"incomeTaxExpense": 28119000,
					"netIncome": 172732000,
					"netIncomeRatio": 0.18469013197498432,
					"eps": 0.078333,
					"epsdiluted": 0.071667,
					"weightedAverageShsOut": 2189220000,
					"weightedAverageShsOutDil": 2415318000,
					"link": "",
					"finalLink": ""
				},
				{
					"date": "2007-10-31",
					"symbol": "NVDA",
					"reportedCurrency": "USD",
					"cik": "0001045810",
					"fillingDate": "2007-10-31",
					"acceptedDate": "2007-10-30 20:00:00",
					"calendarYear": "2008",
					"period": "Q3",
					"revenue": 1115597000,
					"costOfRevenue": 600044000,
					"grossProfit": 515553000,
					"grossProfitRatio": 0.4621319347398747,
					"researchAndDevelopmentExpenses": 179529000,
					"generalAndAdministrativeExpenses": 0,
					"sellingAndMarketingExpenses": 0,
					"sellingGeneralAndAdministrativeExpenses": 88183000,
					"otherExpenses": 0,
					"operatingExpenses": 267712000,
					"costAndExpenses": 867756000,
					"interestIncome": null,
					"interestExpense": 0,
					"depreciationAndAmortization": 33030000,
					"ebitda": 299829000,
					"ebitdaratio": 0.26876103108918364,
					"operatingIncome": 247841000,
					"operatingIncomeRatio": 0.22215997353883168,
					"totalOtherIncomeExpensesNet": 18958000,
					"incomeBeforeTax": 266799000,
					"incomeBeforeTaxRatio": 0.23915356531077084,
					"incomeTaxExpense": 31138000,
					"netIncome": 235661000,
					"netIncomeRatio": 0.2112420524615968,
					"eps": 0.105,
					"epsdiluted": 0.095,
					"weightedAverageShsOut": 2219864000,
					"weightedAverageShsOutDil": 2451940000,
					"link": "",
					"finalLink": ""
				},
				{
					"date": "2008-01-31",
					"symbol": "NVDA",
					"reportedCurrency": "USD",
					"cik": "0001045810",
					"fillingDate": "2008-01-31",
					"acceptedDate": "2008-01-30 19:00:00",
					"calendarYear": "2008",
					"period": "Q4",
					"revenue": 1202730000,
					"costOfRevenue": 653133000,
					"grossProfit": 549597000,
					"grossProfitRatio": 0.4569579207303385,
					"researchAndDevelopmentExpenses": 195835000,
					"generalAndAdministrativeExpenses": 0,
					"sellingAndMarketingExpenses": 0,
					"sellingGeneralAndAdministrativeExpenses": 91263000,
					"otherExpenses": 0,
					"operatingExpenses": 287098000,
					"costAndExpenses": 940231000,
					"interestIncome": null,
					"interestExpense": 0,
					"depreciationAndAmortization": 36936000,
					"ebitda": 316838000,
					"ebitdaratio": 0.26343235805209814,
					"operatingIncome": 262499000,
					"operatingIncomeRatio": 0.21825264190632976,
					"totalOtherIncomeExpensesNet": 17403000,
					"incomeBeforeTax": 279902000,
					"incomeBeforeTaxRatio": 0.23272222360795855,
					"incomeTaxExpense": 22909000,
					"netIncome": 256993000,
					"netIncomeRatio": 0.21367472333773999,
					"eps": 0.11576970481074517,
					"epsdiluted": 0.11576970481074517,
					"weightedAverageShsOut": 2219864000,
					"weightedAverageShsOutDil": 2219864000,
					"link": "",
					"finalLink": ""
				},
				{
					"date": "2008-04-30",
					"symbol": "NVDA",
					"reportedCurrency": "USD",
					"cik": "0001045810",
					"fillingDate": "2008-04-30",
					"acceptedDate": "2008-04-29 20:00:00",
					"calendarYear": "2009",
					"period": "Q1",
					"revenue": 1153388000,
					"costOfRevenue": 638545000,
					"grossProfit": 514843000,
					"grossProfitRatio": 0.44637450710428755,
					"researchAndDevelopmentExpenses": 218830000,
					"generalAndAdministrativeExpenses": 0,
					"sellingAndMarketingExpenses": 0,
					"sellingGeneralAndAdministrativeExpenses": 93034000,
					"otherExpenses": 0,
					"operatingExpenses": 311864000,
					"costAndExpenses": 950409000,
					"interestIncome": null,
					"interestExpense": 0,
					"depreciationAndAmortization": 41358000,
					"ebitda": 254376000,
					"ebitdaratio": 0.2205467717715114,
					"operatingIncome": 202979000,
					"operatingIncomeRatio": 0.17598501111508008,
					"totalOtherIncomeExpensesNet": 10039000,
					"incomeBeforeTax": 213018000,
					"incomeBeforeTaxRatio": 0.18468893381932186,
					"incomeTaxExpense": 36213000,
					"netIncome": 176805000,
					"netIncomeRatio": 0.1532918670906928,
					"eps": 0.08,
					"epsdiluted": 0.075,
					"weightedAverageShsOut": 2222692000,
					"weightedAverageShsOutDil": 2367956000,
					"link": "",
					"finalLink": ""
				},
				{
					"date": "2008-07-31",
					"symbol": "NVDA",
					"reportedCurrency": "USD",
					"cik": "0001045810",
					"fillingDate": "2008-07-31",
					"acceptedDate": "2008-07-30 20:00:00",
					"calendarYear": "2009",
					"period": "Q2",
					"revenue": 892676000,
					"costOfRevenue": 742759000,
					"grossProfit": 149917000,
					"grossProfitRatio": 0.1679411118927808,
					"researchAndDevelopmentExpenses": 212910000,
					"generalAndAdministrativeExpenses": 0,
					"sellingAndMarketingExpenses": 0,
					"sellingGeneralAndAdministrativeExpenses": 92399000,
					"otherExpenses": 0,
					"operatingExpenses": 305309000,
					"costAndExpenses": 1048068000,
					"interestIncome": null,
					"interestExpense": 0,
					"depreciationAndAmortization": 46306000,
					"ebitda": -100294000,
					"ebitdaratio": -0.11235207398877084,
					"operatingIncome": -155392000,
					"operatingIncomeRatio": -0.17407435620538694,
					"totalOtherIncomeExpensesNet": 8792000,
					"incomeBeforeTax": -146600000,
					"incomeBeforeTaxRatio": -0.16422531803252244,
					"incomeTaxExpense": -25671000,
					"netIncome": -120929000,
					"netIncomeRatio": -0.13546796374048367,
					"eps": -0.055,
					"epsdiluted": -0.055,
					"weightedAverageShsOut": 2221668000,
					"weightedAverageShsOutDil": 2221668000,
					"link": "",
					"finalLink": ""
				},
				{
					"date": "2008-10-31",
					"symbol": "NVDA",
					"reportedCurrency": "USD",
					"cik": "0001045810",
					"fillingDate": "2008-10-31",
					"acceptedDate": "2008-10-30 20:00:00",
					"calendarYear": "2009",
					"period": "Q3",
					"revenue": 897655000,
					"costOfRevenue": 529812000,
					"grossProfit": 367843000,
					"grossProfitRatio": 0.4097821546139664,
					"researchAndDevelopmentExpenses": 212360000,
					"generalAndAdministrativeExpenses": 0,
					"sellingAndMarketingExpenses": 0,
					"sellingGeneralAndAdministrativeExpenses": 90349000,
					"otherExpenses": 0,
					"operatingExpenses": 302709000,
					"costAndExpenses": 832521000,
					"interestIncome": null,
					"interestExpense": 0,
					"depreciationAndAmortization": 49304000,
					"ebitda": 110307000,
					"ebitdaratio": 0.12288351315371719,
					"operatingIncome": 56796000,
					"operatingIncomeRatio": 0.06327152413789262,
					"totalOtherIncomeExpensesNet": 4207000,
					"incomeBeforeTax": 61003000,
					"incomeBeforeTaxRatio": 0.06795817992435847,
					"incomeTaxExpense": -745000,
					"netIncome": 61748000,
					"netIncomeRatio": 0.06878812015752155,
					"eps": 0.0275,
					"epsdiluted": 0.0275,
					"weightedAverageShsOut": 2175228000,
					"weightedAverageShsOutDil": 2258144000,
					"link": "",
					"finalLink": ""
				},
				{
					"date": "2009-01-31",
					"symbol": "NVDA",
					"reportedCurrency": "USD",
					"cik": "0001045810",
					"fillingDate": "2009-01-31",
					"acceptedDate": "2009-01-30 19:00:00",
					"calendarYear": "2009",
					"period": "Q4",
					"revenue": 481140000,
					"costOfRevenue": 339474000,
					"grossProfit": 141666000,
					"grossProfitRatio": 0.29443820925302405,
					"researchAndDevelopmentExpenses": 211779000,
					"generalAndAdministrativeExpenses": 0,
					"sellingAndMarketingExpenses": 0,
					"sellingGeneralAndAdministrativeExpenses": 86440000,
					"otherExpenses": 0,
					"operatingExpenses": 298219000,
					"costAndExpenses": 637693000,
					"interestIncome": null,
					"interestExpense": 0,
					"depreciationAndAmortization": 48055000,
					"ebitda": -122320000,
					"ebitdaratio": -0.2542295381801555,
					"operatingIncome": -175083000,
					"operatingIncomeRatio": -0.3638920064845991,
					"totalOtherIncomeExpensesNet": 4708000,
					"incomeBeforeTax": -170375000,
					"incomeBeforeTaxRatio": -0.35410691274888806,
					"incomeTaxExpense": -22710000,
					"netIncome": -147665000,
					"netIncomeRatio": -0.30690651369663713,
					"eps": -0.06788483781929987,
					"epsdiluted": -0.06788483781929987,
					"weightedAverageShsOut": 2175228000,
					"weightedAverageShsOutDil": 2175228000,
					"link": "",
					"finalLink": ""
				},
				{
					"date": "2009-04-26",
					"symbol": "NVDA",
					"reportedCurrency": "USD",
					"cik": "0001045810",
					"fillingDate": "2009-05-20",
					"acceptedDate": "2009-05-20 08:49:59",
					"calendarYear": "2010",
					"period": "Q1",
					"revenue": 664231000,
					"costOfRevenue": 474535000,
					"grossProfit": 189696000,
					"grossProfitRatio": 0.28558739354230683,
					"researchAndDevelopmentExpenses": 301797000,
					"generalAndAdministrativeExpenses": 0,
					"sellingAndMarketingExpenses": 0,
					"sellingGeneralAndAdministrativeExpenses": 118864000,
					"otherExpenses": 0,
					"operatingExpenses": 420661000,
					"costAndExpenses": 895196000,
					"interestIncome": 6124000,
					"interestExpense": 6124000,
					"depreciationAndAmortization": 50658000,
					"ebitda": -168039000,
					"ebitdaratio": -0.2529827725595463,
					"operatingIncome": -230965000,
					"operatingIncomeRatio": -0.34771788730125514,
					"totalOtherIncomeExpensesNet": 6144000,
					"incomeBeforeTax": -224821000,
					"incomeBeforeTaxRatio": -0.3384680931784274,
					"incomeTaxExpense": -23483000,
					"netIncome": -201338000,
					"netIncomeRatio": -0.30311442856476134,
					"eps": -0.0925,
					"epsdiluted": -0.0925,
					"weightedAverageShsOut": 2169228000,
					"weightedAverageShsOutDil": 2169228000,
					"link": "https://www.sec.gov/Archives/edgar/data/1045810/000104581009000017/0001045810-09-000017-index.html",
					"finalLink": "https://www.sec.gov/Archives/edgar/data/1045810/000104581009000017/q110form10q.htm"
				},
				{
					"date": "2009-07-26",
					"symbol": "NVDA",
					"reportedCurrency": "USD",
					"cik": "0001045810",
					"fillingDate": "2009-08-20",
					"acceptedDate": "2009-08-20 16:59:23",
					"calendarYear": "2010",
					"period": "Q2",
					"revenue": 776520000,
					"costOfRevenue": 619797000,
					"grossProfit": 156723000,
					"grossProfitRatio": 0.2018273837119456,
					"researchAndDevelopmentExpenses": 192855000,
					"generalAndAdministrativeExpenses": 0,
					"sellingAndMarketingExpenses": 0,
					"sellingGeneralAndAdministrativeExpenses": 73975000,
					"otherExpenses": 0,
					"operatingExpenses": 266830000,
					"costAndExpenses": 886627000,
					"interestIncome": 5779000,
					"interestExpense": 5779000,
					"depreciationAndAmortization": 49322000,
					"ebitda": -52000000,
					"ebitdaratio": -0.06696543553289033,
					"operatingIncome": -110107000,
					"operatingIncomeRatio": -0.14179544635038377,
					"totalOtherIncomeExpensesNet": 3006000,
					"incomeBeforeTax": -107101000,
					"incomeBeforeTaxRatio": -0.13792432905784782,
					"incomeTaxExpense": -1799000,
					"netIncome": -105302000,
					"netIncomeRatio": -0.13560758254777727,
					"eps": -0.0475,
					"epsdiluted": -0.0475,
					"weightedAverageShsOut": 2186556000,
					"weightedAverageShsOutDil": 2186556000,
					"link": "https://www.sec.gov/Archives/edgar/data/1045810/000104581009000024/0001045810-09-000024-index.html",
					"finalLink": "https://www.sec.gov/Archives/edgar/data/1045810/000104581009000024/q210form10q.htm"
				},
				{
					"date": "2009-10-25",
					"symbol": "NVDA",
					"reportedCurrency": "USD",
					"cik": "0001045810",
					"fillingDate": "2009-11-19",
					"acceptedDate": "2009-11-19 09:03:13",
					"calendarYear": "2010",
					"period": "Q3",
					"revenue": 903206000,
					"costOfRevenue": 511423000,
					"grossProfit": 391783000,
					"grossProfitRatio": 0.43376926194024396,
					"researchAndDevelopmentExpenses": 197948000,
					"generalAndAdministrativeExpenses": 0,
					"sellingAndMarketingExpenses": 0,
					"sellingGeneralAndAdministrativeExpenses": 85990000,
					"otherExpenses": 0,
					"operatingExpenses": 283938000,
					"costAndExpenses": 795361000,
					"interestIncome": 5444000,
					"interestExpense": 5444000,
					"depreciationAndAmortization": 48770000,
					"ebitda": 164421000,
					"ebitdaratio": 0.1820415276249272,
					"operatingIncome": 107845000,
					"operatingIncomeRatio": 0.1194024397535003,
					"totalOtherIncomeExpensesNet": 2362000,
					"incomeBeforeTax": 110207000,
					"incomeBeforeTaxRatio": 0.12201756852810987,
					"incomeTaxExpense": 2630000,
					"netIncome": 107577000,
					"netIncomeRatio": 0.11910571896112293,
					"eps": 0.05,
					"epsdiluted": 0.0475,
					"weightedAverageShsOut": 2205132000,
					"weightedAverageShsOutDil": 2297524000,
					"link": "https://www.sec.gov/Archives/edgar/data/1045810/000104581009000036/0001045810-09-000036-index.html",
					"finalLink": "https://www.sec.gov/Archives/edgar/data/1045810/000104581009000036/q310form10q.htm"
				},
				{
					"date": "2010-01-31",
					"symbol": "NVDA",
					"reportedCurrency": "USD",
					"cik": "0001045810",
					"fillingDate": "2010-03-18",
					"acceptedDate": "2010-03-17 19:16:55",
					"calendarYear": "2010",
					"period": "Q4",
					"revenue": 982488000,
					"costOfRevenue": 543767000,
					"grossProfit": 438721000,
					"grossProfitRatio": 0.4465408228904577,
					"researchAndDevelopmentExpenses": 216251000,
					"generalAndAdministrativeExpenses": 0,
					"sellingAndMarketingExpenses": 0,
					"sellingGeneralAndAdministrativeExpenses": 88188000,
					"otherExpenses": 0,
					"operatingExpenses": 304439000,
					"costAndExpenses": 848206000,
					"interestIncome": 5768000,
					"interestExpense": 2448000,
					"depreciationAndAmortization": 47914000,
					"ebitda": 189783000,
					"ebitdaratio": 0.19316571805457167,
					"operatingIncome": 134282000,
					"operatingIncomeRatio": 0.13667546066720407,
					"totalOtherIncomeExpensesNet": 5139000,
					"incomeBeforeTax": 139421000,
					"incomeBeforeTaxRatio": 0.14190605890351843,
					"incomeTaxExpense": 8345000,
					"netIncome": 131076000,
					"netIncomeRatio": 0.13341231648630822,
					"eps": 0.05704909470752089,
					"epsdiluted": 0.05704909470752089,
					"weightedAverageShsOut": 2297600000,
					"weightedAverageShsOutDil": 2297600000,
					"link": "https://www.sec.gov/Archives/edgar/data/1045810/000104581010000006/0001045810-10-000006-index.html",
					"finalLink": "https://www.sec.gov/Archives/edgar/data/1045810/000104581010000006/fy2010form10k.htm"
				},
				{
					"date": "2010-05-02",
					"symbol": "NVDA",
					"reportedCurrency": "USD",
					"cik": "0001045810",
					"fillingDate": "2010-05-21",
					"acceptedDate": "2010-05-21 16:36:56",
					"calendarYear": "2011",
					"period": "Q1",
					"revenue": 1001813000,
					"costOfRevenue": 545436000,
					"grossProfit": 456377000,
					"grossProfitRatio": 0.4555510858812972,
					"researchAndDevelopmentExpenses": 218105000,
					"generalAndAdministrativeExpenses": 0,
					"sellingAndMarketingExpenses": 0,
					"sellingGeneralAndAdministrativeExpenses": 90879000,
					"otherExpenses": 0,
					"operatingExpenses": 308984000,
					"costAndExpenses": 854420000,
					"interestIncome": 5571000,
					"interestExpense": 5571000,
					"depreciationAndAmortization": 47147000,
					"ebitda": 203443000,
					"ebitdaratio": 0.20307482534165558,
					"operatingIncome": 147393000,
					"operatingIncomeRatio": 0.147126260090456,
					"totalOtherIncomeExpensesNet": 3332000,
					"incomeBeforeTax": 150725000,
					"incomeBeforeTaxRatio": 0.15045223010681635,
					"incomeTaxExpense": 13131000,
					"netIncome": 137594000,
					"netIncomeRatio": 0.13734499352673601,
					"eps": 0.06,
					"epsdiluted": 0.0575,
					"weightedAverageShsOut": 2268732000,
					"weightedAverageShsOutDil": 2363988000,
					"link": "https://www.sec.gov/Archives/edgar/data/1045810/000104581010000018/0001045810-10-000018-index.html",
					"finalLink": "https://www.sec.gov/Archives/edgar/data/1045810/000104581010000018/q111form10q.htm"
				},
				{
					"date": "2010-08-01",
					"symbol": "NVDA",
					"reportedCurrency": "USD",
					"cik": "0001045810",
					"fillingDate": "2010-08-30",
					"acceptedDate": "2010-08-30 16:18:13",
					"calendarYear": "2011",
					"period": "Q2",
					"revenue": 811208000,
					"costOfRevenue": 676916000,
					"grossProfit": 134292000,
					"grossProfitRatio": 0.16554570467746865,
					"researchAndDevelopmentExpenses": 210635000,
					"generalAndAdministrativeExpenses": 0,
					"sellingAndMarketingExpenses": 0,
					"sellingGeneralAndAdministrativeExpenses": 98864000,
					"otherExpenses": 0,
					"operatingExpenses": 309499000,
					"costAndExpenses": 986415000,
					"interestIncome": 4805000,
					"interestExpense": 4805000,
					"depreciationAndAmortization": 46573000,
					"ebitda": -117669000,
					"ebitdaratio": -0.14505404285953788,
					"operatingIncome": -175207000,
					"operatingIncomeRatio": -0.21598283054407746,
					"totalOtherIncomeExpensesNet": 6160000,
					"incomeBeforeTax": -169047000,
					"incomeBeforeTaxRatio": -0.2083892170688652,
					"incomeTaxExpense": -28086000,
					"netIncome": -140961000,
					"netIncomeRatio": -0.17376677744795416,
					"eps": -0.0625,
					"epsdiluted": -0.0625,
					"weightedAverageShsOut": 2291056000,
					"weightedAverageShsOutDil": 2291056000,
					"link": "https://www.sec.gov/Archives/edgar/data/1045810/000104581010000029/0001045810-10-000029-index.html",
					"finalLink": "https://www.sec.gov/Archives/edgar/data/1045810/000104581010000029/q211form10q.htm"
				},
				{
					"date": "2010-10-31",
					"symbol": "NVDA",
					"reportedCurrency": "USD",
					"cik": "0001045810",
					"fillingDate": "2010-12-07",
					"acceptedDate": "2010-12-07 16:44:42",
					"calendarYear": "2011",
					"period": "Q3",
					"revenue": 843912000,
					"costOfRevenue": 451850000,
					"grossProfit": 392062000,
					"grossProfitRatio": 0.46457687531401376,
					"researchAndDevelopmentExpenses": 204527000,
					"generalAndAdministrativeExpenses": 0,
					"sellingAndMarketingExpenses": 0,
					"sellingGeneralAndAdministrativeExpenses": 83752000,
					"otherExpenses": 0,
					"operatingExpenses": 288279000,
					"costAndExpenses": 740129000,
					"interestIncome": 4220000,
					"interestExpense": 4220000,
					"depreciationAndAmortization": 46876000,
					"ebitda": 154681000,
					"ebitdaratio": 0.18329043786555943,
					"operatingIncome": 103783000,
					"operatingIncomeRatio": 0.12297846220932988,
					"totalOtherIncomeExpensesNet": -198000,
					"incomeBeforeTax": 103585000,
					"incomeBeforeTaxRatio": 0.12274384059001413,
					"incomeTaxExpense": 18723000,
					"netIncome": 84862000,
					"netIncomeRatio": 0.10055787807259525,
					"eps": 0.0375,
					"epsdiluted": 0.0375,
					"weightedAverageShsOut": 2309292000,
					"weightedAverageShsOutDil": 2330592000,
					"link": "https://www.sec.gov/Archives/edgar/data/1045810/000104581010000045/0001045810-10-000045-index.html",
					"finalLink": "https://www.sec.gov/Archives/edgar/data/1045810/000104581010000045/q311form10q.htm"
				},
				{
					"date": "2011-01-30",
					"symbol": "NVDA",
					"reportedCurrency": "USD",
					"cik": "0001045810",
					"fillingDate": "2011-03-16",
					"acceptedDate": "2011-03-16 16:33:51",
					"calendarYear": "2011",
					"period": "Q4",
					"revenue": 886376000,
					"costOfRevenue": 460017000,
					"grossProfit": 426359000,
					"grossProfitRatio": 0.48101370073196925,
					"researchAndDevelopmentExpenses": 215563000,
					"generalAndAdministrativeExpenses": 0,
					"sellingAndMarketingExpenses": 0,
					"sellingGeneralAndAdministrativeExpenses": 145018000,
					"otherExpenses": -114000000,
					"operatingExpenses": 246581000,
					"costAndExpenses": 706598000,
					"interestIncome": 4461000,
					"interestExpense": 1334000,
					"depreciationAndAmortization": 46393000,
					"ebitda": 233633000,
					"ebitdaratio": 0.26358227208317914,
					"operatingIncome": 179778000,
					"operatingIncomeRatio": 0.20282363240881973,
					"totalOtherIncomeExpensesNet": 6128000,
					"incomeBeforeTax": 185906000,
					"incomeBeforeTaxRatio": 0.20973717699937725,
					"incomeTaxExpense": 14255000,
					"netIncome": 171651000,
					"netIncomeRatio": 0.19365483722483462,
					"eps": 0.07135139627659574,
					"epsdiluted": 0.07135139627659574,
					"weightedAverageShsOut": 2406400000,
					"weightedAverageShsOutDil": 2406400000,
					"link": "https://www.sec.gov/Archives/edgar/data/1045810/000104581011000015/fy2011form10k.htm",
					"finalLink": "https://www.sec.gov/Archives/edgar/data/1045810/000104581011000015/fy2011form10k.htm"
				},
				{
					"date": "2011-05-01",
					"symbol": "NVDA",
					"reportedCurrency": "USD",
					"cik": "0001045810",
					"fillingDate": "2011-05-27",
					"acceptedDate": "2011-05-27 17:08:28",
					"calendarYear": "2012",
					"period": "Q1",
					"revenue": 962039000,
					"costOfRevenue": 477536000,
					"grossProfit": 484503000,
					"grossProfitRatio": 0.5036209550756259,
					"researchAndDevelopmentExpenses": 231524000,
					"generalAndAdministrativeExpenses": 0,
					"sellingAndMarketingExpenses": 0,
					"sellingGeneralAndAdministrativeExpenses": 98117000,
					"otherExpenses": 0,
					"operatingExpenses": 329641000,
					"costAndExpenses": 807177000,
					"interestIncome": 5313000,
					"interestExpense": 5313000,
					"depreciationAndAmortization": 47764000,
					"ebitda": 209562000,
					"ebitdaratio": 0.21783108584994995,
					"operatingIncome": 154862000,
					"operatingIncomeRatio": 0.16097268405958595,
					"totalOtherIncomeExpensesNet": 1623000,
					"incomeBeforeTax": 156485000,
					"incomeBeforeTaxRatio": 0.1626597258531099,
					"incomeTaxExpense": 21266000,
					"netIncome": 135219000,
					"netIncomeRatio": 0.14055459290111938,
					"eps": 0.0575,
					"epsdiluted": 0.055,
					"weightedAverageShsOut": 2379208000,
					"weightedAverageShsOutDil": 2453896000,
					"link": "https://www.sec.gov/Archives/edgar/data/1045810/000104581011000031/0001045810-11-000031-index.html",
					"finalLink": "https://www.sec.gov/Archives/edgar/data/1045810/000104581011000031/q112form10q.htm"
				},
				{
					"date": "2011-07-31",
					"symbol": "NVDA",
					"reportedCurrency": "USD",
					"cik": "0001045810",
					"fillingDate": "2011-08-25",
					"acceptedDate": "2011-08-25 16:18:41",
					"calendarYear": "2012",
					"period": "Q2",
					"revenue": 1016517000,
					"costOfRevenue": 491233000,
					"grossProfit": 525284000,
					"grossProfitRatio": 0.5167488590943388,
					"researchAndDevelopmentExpenses": 247721000,
					"generalAndAdministrativeExpenses": 0,
					"sellingAndMarketingExpenses": 0,
					"sellingGeneralAndAdministrativeExpenses": 103533000,
					"otherExpenses": 0,
					"operatingExpenses": 351254000,
					"costAndExpenses": 842487000,
					"interestIncome": 5266000,
					"interestExpense": 5266000,
					"depreciationAndAmortization": 52159000,
					"ebitda": 234972000,
					"ebitdaratio": 0.231154028904583,
					"operatingIncome": 174030000,
					"operatingIncomeRatio": 0.17120225239715617,
					"totalOtherIncomeExpensesNet": 3517000,
					"incomeBeforeTax": 177547000,
					"incomeBeforeTaxRatio": 0.174662105995276,
					"incomeTaxExpense": 25974000,
					"netIncome": 151573000,
					"netIncomeRatio": 0.14911014769059444,
					"eps": 0.0625,
					"epsdiluted": 0.0625,
					"weightedAverageShsOut": 2405360000,
					"weightedAverageShsOutDil": 2455736000,
					"link": "https://www.sec.gov/Archives/edgar/data/1045810/000104581011000046/0001045810-11-000046-index.html",
					"finalLink": "https://www.sec.gov/Archives/edgar/data/1045810/000104581011000046/q212form10q.htm"
				},
				{
					"date": "2011-10-30",
					"symbol": "NVDA",
					"reportedCurrency": "USD",
					"cik": "0001045810",
					"fillingDate": "2011-11-22",
					"acceptedDate": "2011-11-22 16:31:51",
					"calendarYear": "2012",
					"period": "Q3",
					"revenue": 1066180000,
					"costOfRevenue": 509463000,
					"grossProfit": 556717000,
					"grossProfitRatio": 0.5221604231930819,
					"researchAndDevelopmentExpenses": 256498000,
					"generalAndAdministrativeExpenses": 0,
					"sellingAndMarketingExpenses": 0,
					"sellingGeneralAndAdministrativeExpenses": 103129000,
					"otherExpenses": 0,
					"operatingExpenses": 359627000,
					"costAndExpenses": 869090000,
					"interestIncome": 4356000,
					"interestExpense": 4356000,
					"depreciationAndAmortization": 52387000,
					"ebitda": 261530000,
					"ebitdaratio": 0.2452962914329663,
					"operatingIncome": 197090000,
					"operatingIncomeRatio": 0.18485621564838958,
					"totalOtherIncomeExpensesNet": 7697000,
					"incomeBeforeTax": 204787000,
					"incomeBeforeTaxRatio": 0.19207544692265846,
					"incomeTaxExpense": 26514000,
					"netIncome": 178273000,
					"netIncomeRatio": 0.16720722579676978,
					"eps": 0.0725,
					"epsdiluted": 0.0725,
					"weightedAverageShsOut": 2428252000,
					"weightedAverageShsOutDil": 2454240000,
					"link": "https://www.sec.gov/Archives/edgar/data/1045810/000104581011000056/0001045810-11-000056-index.html",
					"finalLink": "https://www.sec.gov/Archives/edgar/data/1045810/000104581011000056/nvda2011q310q.htm"
				},
				{
					"date": "2012-01-29",
					"symbol": "NVDA",
					"reportedCurrency": "USD",
					"cik": "0001045810",
					"fillingDate": "2012-03-13",
					"acceptedDate": "2012-03-13 16:56:38",
					"calendarYear": "2012",
					"period": "Q4",
					"revenue": 953194000,
					"costOfRevenue": 463181000,
					"grossProfit": 490013000,
					"grossProfitRatio": 0.5140747843565948,
					"researchAndDevelopmentExpenses": 266862000,
					"generalAndAdministrativeExpenses": 0,
					"sellingAndMarketingExpenses": 0,
					"sellingGeneralAndAdministrativeExpenses": 100834000,
					"otherExpenses": 0,
					"operatingExpenses": 367696000,
					"costAndExpenses": 830877000,
					"interestIncome": 4213000,
					"interestExpense": 1124000,
					"depreciationAndAmortization": 51895000,
					"ebitda": 177596000,
					"ebitdaratio": 0.18631674139786863,
					"operatingIncome": 122317000,
					"operatingIncomeRatio": 0.12832330039844983,
					"totalOtherIncomeExpensesNet": 2260000,
					"incomeBeforeTax": 124577000,
					"incomeBeforeTaxRatio": 0.13069427629632582,
					"incomeTaxExpense": 8552000,
					"netIncome": 116025000,
					"netIncomeRatio": 0.12172233564206238,
					"eps": 0.0475,
					"epsdiluted": 0.0475,
					"weightedAverageShsOut": 2445728000,
					"weightedAverageShsOutDil": 2474396000,
					"link": "https://www.sec.gov/Archives/edgar/data/1045810/000104581012000013/0001045810-12-000013-index.html",
					"finalLink": "https://www.sec.gov/Archives/edgar/data/1045810/000104581012000013/nvda-2012x10k.htm"
				},
				{
					"date": "2012-04-29",
					"symbol": "NVDA",
					"reportedCurrency": "USD",
					"cik": "0001045810",
					"fillingDate": "2012-05-23",
					"acceptedDate": "2012-05-23 16:32:57",
					"calendarYear": "2013",
					"period": "Q1",
					"revenue": 924877000,
					"costOfRevenue": 461513000,
					"grossProfit": 463364000,
					"grossProfitRatio": 0.5010006736030845,
					"researchAndDevelopmentExpenses": 283902000,
					"generalAndAdministrativeExpenses": 0,
					"sellingAndMarketingExpenses": 0,
					"sellingGeneralAndAdministrativeExpenses": 106636000,
					"otherExpenses": 0,
					"operatingExpenses": 390538000,
					"costAndExpenses": 852051000,
					"interestIncome": 5198000,
					"interestExpense": 5198000,
					"depreciationAndAmortization": 54491000,
					"ebitda": 136784000,
					"ebitdaratio": 0.14789426053410346,
					"operatingIncome": 72826000,
					"operatingIncomeRatio": 0.07874128127307739,
					"totalOtherIncomeExpensesNet": 4269000,
					"incomeBeforeTax": 77095000,
					"incomeBeforeTaxRatio": 0.08335703017806692,
					"incomeTaxExpense": 16658000,
					"netIncome": 60437000,
					"netIncomeRatio": 0.06534598654740036,
					"eps": 0.025,
					"epsdiluted": 0.025,
					"weightedAverageShsOut": 2463120000,
					"weightedAverageShsOutDil": 2495144000,
					"link": "https://www.sec.gov/Archives/edgar/data/1045810/000104581012000013/nvda-2012x10k.htm",
					"finalLink": "https://www.sec.gov/Archives/edgar/data/1045810/000104581012000013/nvda-2012x10k.htm"
				},
				{
					"date": "2012-07-29",
					"symbol": "NVDA",
					"reportedCurrency": "USD",
					"cik": "0001045810",
					"fillingDate": "2012-08-22",
					"acceptedDate": "2012-08-22 16:40:38",
					"calendarYear": "2013",
					"period": "Q2",
					"revenue": 1044270000,
					"costOfRevenue": 503551000,
					"grossProfit": 540719000,
					"grossProfitRatio": 0.5177961638273627,
					"researchAndDevelopmentExpenses": 281193000,
					"generalAndAdministrativeExpenses": 0,
					"sellingAndMarketingExpenses": 0,
					"sellingGeneralAndAdministrativeExpenses": 119903000,
					"otherExpenses": 0,
					"operatingExpenses": 401096000,
					"costAndExpenses": 904647000,
					"interestIncome": 5316000,
					"interestExpense": 5316000,
					"depreciationAndAmortization": 56195000,
					"ebitda": 206719000,
					"ebitdaratio": 0.1979555095904316,
					"operatingIncome": 139623000,
					"operatingIncomeRatio": 0.1337039271452785,
					"totalOtherIncomeExpensesNet": 5585000,
					"incomeBeforeTax": 145208000,
					"incomeBeforeTaxRatio": 0.1390521608396296,
					"incomeTaxExpense": 26162000,
					"netIncome": 119046000,
					"netIncomeRatio": 0.11399925306673561,
					"eps": 0.0475,
					"epsdiluted": 0.0475,
					"weightedAverageShsOut": 2475984000,
					"weightedAverageShsOutDil": 2492572000,
					"link": "https://www.sec.gov/Archives/edgar/data/1045810/000104581012000036/0001045810-12-000036-index.html",
					"finalLink": "https://www.sec.gov/Archives/edgar/data/1045810/000104581012000036/nvda2013q210q.htm"
				},
				{
					"date": "2012-10-28",
					"symbol": "NVDA",
					"reportedCurrency": "USD",
					"cik": "0001045810",
					"fillingDate": "2012-11-19",
					"acceptedDate": "2012-11-19 16:38:36",
					"calendarYear": "2013",
					"period": "Q3",
					"revenue": 1204110000,
					"costOfRevenue": 567452000,
					"grossProfit": 636658000,
					"grossProfitRatio": 0.52873740771192,
					"researchAndDevelopmentExpenses": 284180000,
					"generalAndAdministrativeExpenses": 0,
					"sellingAndMarketingExpenses": 0,
					"sellingGeneralAndAdministrativeExpenses": 100261000,
					"otherExpenses": 0,
					"operatingExpenses": 384441000,
					"costAndExpenses": 951893000,
					"interestIncome": 4701000,
					"interestExpense": 4701000,
					"depreciationAndAmortization": 57148000,
					"ebitda": 315477000,
					"ebitdaratio": 0.2620001494880036,
					"operatingIncome": 252217000,
					"operatingIncomeRatio": 0.209463421116011,
					"totalOtherIncomeExpensesNet": 1411000,
					"incomeBeforeTax": 253628000,
					"incomeBeforeTaxRatio": 0.21063524096635688,
					"incomeTaxExpense": 44548000,
					"netIncome": 209080000,
					"netIncomeRatio": 0.1736386210562158,
					"eps": 0.085,
					"epsdiluted": 0.0825,
					"weightedAverageShsOut": 2489408000,
					"weightedAverageShsOutDil": 2515380000,
					"link": "https://www.sec.gov/Archives/edgar/data/1045810/000104581012000060/0001045810-12-000060-index.html",
					"finalLink": "https://www.sec.gov/Archives/edgar/data/1045810/000104581012000060/nvda2013q310q.htm"
				},
				{
					"date": "2013-01-27",
					"symbol": "NVDA",
					"reportedCurrency": "USD",
					"cik": "0001045810",
					"fillingDate": "2013-03-12",
					"acceptedDate": "2013-03-12 17:03:06",
					"calendarYear": "2013",
					"period": "Q4",
					"revenue": 1106902000,
					"costOfRevenue": 521300000,
					"grossProfit": 585602000,
					"grossProfitRatio": 0.5290459317988404,
					"researchAndDevelopmentExpenses": 298007000,
					"generalAndAdministrativeExpenses": 0,
					"sellingAndMarketingExpenses": 0,
					"sellingGeneralAndAdministrativeExpenses": 104022000,
					"otherExpenses": 0,
					"operatingExpenses": 402029000,
					"costAndExpenses": 923329000,
					"interestIncome": 4693000,
					"interestExpense": 1399000,
					"depreciationAndAmortization": 58401000,
					"ebitda": 245908000,
					"ebitdaratio": 0.22215878189758442,
					"operatingIncome": 183573000,
					"operatingIncomeRatio": 0.16584395005158542,
					"totalOtherIncomeExpensesNet": 2535000,
					"incomeBeforeTax": 186108000,
					"incomeBeforeTaxRatio": 0.16813412569495764,
					"incomeTaxExpense": 12135000,
					"netIncome": 173973000,
					"netIncomeRatio": 0.1571710955441403,
					"eps": 0.07,
					"epsdiluted": 0.07,
					"weightedAverageShsOut": 2480676000,
					"weightedAverageShsOutDil": 2488072000,
					"link": "https://www.sec.gov/Archives/edgar/data/1045810/000104581013000008/0001045810-13-000008-index.html",
					"finalLink": "https://www.sec.gov/Archives/edgar/data/1045810/000104581013000008/nvda-2013x10k.htm"
				},
				{
					"date": "2013-04-28",
					"symbol": "NVDA",
					"reportedCurrency": "USD",
					"cik": "0001045810",
					"fillingDate": "2013-05-22",
					"acceptedDate": "2013-05-22 17:06:15",
					"calendarYear": "2014",
					"period": "Q1",
					"revenue": 954739000,
					"costOfRevenue": 436171000,
					"grossProfit": 518568000,
					"grossProfitRatio": 0.5431515838360013,
					"researchAndDevelopmentExpenses": 327161000,
					"generalAndAdministrativeExpenses": 0,
					"sellingAndMarketingExpenses": 0,
					"sellingGeneralAndAdministrativeExpenses": 108626000,
					"otherExpenses": 0,
					"operatingExpenses": 435787000,
					"costAndExpenses": 871958000,
					"interestIncome": 5076000,
					"interestExpense": 5076000,
					"depreciationAndAmortization": 59744000,
					"ebitda": 152882000,
					"ebitdaratio": 0.1601296270499058,
					"operatingIncome": 82781000,
					"operatingIncomeRatio": 0.08670537183460611,
					"totalOtherIncomeExpensesNet": 5281000,
					"incomeBeforeTax": 88062000,
					"incomeBeforeTaxRatio": 0.09223672647707908,
					"incomeTaxExpense": 10171000,
					"netIncome": 77891000,
					"netIncomeRatio": 0.08158355320145087,
					"eps": 0.0325,
					"epsdiluted": 0.0325,
					"weightedAverageShsOut": 2467488000,
					"weightedAverageShsOutDil": 2477208000,
					"link": "https://www.sec.gov/Archives/edgar/data/1045810/000104581013000054/0001045810-13-000054-index.html",
					"finalLink": "https://www.sec.gov/Archives/edgar/data/1045810/000104581013000054/nvda2014q110q.htm"
				},
				{
					"date": "2013-07-28",
					"symbol": "NVDA",
					"reportedCurrency": "USD",
					"cik": "0001045810",
					"fillingDate": "2013-08-21",
					"acceptedDate": "2013-08-21 16:25:58",
					"calendarYear": "2014",
					"period": "Q2",
					"revenue": 977238000,
					"costOfRevenue": 431700000,
					"grossProfit": 545538000,
					"grossProfitRatio": 0.5582447673954554,
					"researchAndDevelopmentExpenses": 331738000,
					"generalAndAdministrativeExpenses": 0,
					"sellingAndMarketingExpenses": 0,
					"sellingGeneralAndAdministrativeExpenses": 108266000,
					"otherExpenses": 0,
					"operatingExpenses": 440004000,
					"costAndExpenses": 871704000,
					"interestIncome": 3865000,
					"interestExpense": 3865000,
					"depreciationAndAmortization": 61840000,
					"ebitda": 177525000,
					"ebitdaratio": 0.18165994363706692,
					"operatingIncome": 105534000,
					"operatingIncomeRatio": 0.10799211655707207,
					"totalOtherIncomeExpensesNet": 6286000,
					"incomeBeforeTax": 111820000,
					"incomeBeforeTaxRatio": 0.11442453117868932,
					"incomeTaxExpense": 15372000,
					"netIncome": 96448000,
					"netIncomeRatio": 0.09869448384119324,
					"eps": 0.04,
					"epsdiluted": 0.04,
					"weightedAverageShsOut": 2341380000,
					"weightedAverageShsOutDil": 2368024000,
					"link": "https://www.sec.gov/Archives/edgar/data/1045810/000104581013000075/0001045810-13-000075-index.html",
					"finalLink": "https://www.sec.gov/Archives/edgar/data/1045810/000104581013000075/nvda2014q210q.htm"
				},
				{
					"date": "2013-10-27",
					"symbol": "NVDA",
					"reportedCurrency": "USD",
					"cik": "0001045810",
					"fillingDate": "2013-11-19",
					"acceptedDate": "2013-11-19 16:30:37",
					"calendarYear": "2014",
					"period": "Q3",
					"revenue": 1053967000,
					"costOfRevenue": 469552000,
					"grossProfit": 584415000,
					"grossProfitRatio": 0.5544907952526028,
					"researchAndDevelopmentExpenses": 340294000,
					"generalAndAdministrativeExpenses": 0,
					"sellingAndMarketingExpenses": 0,
					"sellingGeneralAndAdministrativeExpenses": 103133000,
					"otherExpenses": 0,
					"operatingExpenses": 443427000,
					"costAndExpenses": 912979000,
					"interestIncome": 4022000,
					"interestExpense": 4022000,
					"depreciationAndAmortization": 62726000,
					"ebitda": 208232000,
					"ebitdaratio": 0.1975697531326882,
					"operatingIncome": 140988000,
					"operatingIncomeRatio": 0.13376889409250953,
					"totalOtherIncomeExpensesNet": 496000,
					"incomeBeforeTax": 141484000,
					"incomeBeforeTaxRatio": 0.13423949706205224,
					"incomeTaxExpense": 22750000,
					"netIncome": 118734000,
					"netIncomeRatio": 0.11265438101951959,
					"eps": 0.05,
					"epsdiluted": 0.05,
					"weightedAverageShsOut": 2323480000,
					"weightedAverageShsOutDil": 2355008000,
					"link": "https://www.sec.gov/Archives/edgar/data/1045810/000104581013000109/0001045810-13-000109-index.html",
					"finalLink": "https://www.sec.gov/Archives/edgar/data/1045810/000104581013000109/nvda2014q310q.htm"
				},
				{
					"date": "2014-01-26",
					"symbol": "NVDA",
					"reportedCurrency": "USD",
					"cik": "0001045810",
					"fillingDate": "2014-03-13",
					"acceptedDate": "2014-03-12 19:18:57",
					"calendarYear": "2014",
					"period": "Q4",
					"revenue": 1144218000,
					"costOfRevenue": 524976000,
					"grossProfit": 619242000,
					"grossProfitRatio": 0.541192325238722,
					"researchAndDevelopmentExpenses": 336641000,
					"generalAndAdministrativeExpenses": 0,
					"sellingAndMarketingExpenses": 0,
					"sellingGeneralAndAdministrativeExpenses": 115677000,
					"otherExpenses": 0,
					"operatingExpenses": 452318000,
					"costAndExpenses": 977294000,
					"interestIncome": 4156000,
					"interestExpense": 7935000,
					"depreciationAndAmortization": 54838000,
					"ebitda": 231661000,
					"ebitdaratio": 0.202462293024581,
					"operatingIncome": 166924000,
					"operatingIncomeRatio": 0.14588478768905924,
					"totalOtherIncomeExpensesNet": 1964000,
					"incomeBeforeTax": 168888000,
					"incomeBeforeTaxRatio": 0.14760124381892262,
					"incomeTaxExpense": 21971000,
					"netIncome": 146917000,
					"netIncomeRatio": 0.12839948331524237,
					"eps": 0.065,
					"epsdiluted": 0.0625,
					"weightedAverageShsOut": 2273932000,
					"weightedAverageShsOutDil": 2309424000,
					"link": "https://www.sec.gov/Archives/edgar/data/1045810/000104581014000030/nvda-2014x10k.htm",
					"finalLink": "https://www.sec.gov/Archives/edgar/data/1045810/000104581014000030/nvda-2014x10k.htm"
				},
				{
					"date": "2014-04-27",
					"symbol": "NVDA",
					"reportedCurrency": "USD",
					"cik": "0001045810",
					"fillingDate": "2014-05-21",
					"acceptedDate": "2014-05-21 16:11:13",
					"calendarYear": "2015",
					"period": "Q1",
					"revenue": 1102787000,
					"costOfRevenue": 498585000,
					"grossProfit": 604202000,
					"grossProfitRatio": 0.5478864005469778,
					"researchAndDevelopmentExpenses": 334263000,
					"generalAndAdministrativeExpenses": 0,
					"sellingAndMarketingExpenses": 0,
					"sellingGeneralAndAdministrativeExpenses": 118580000,
					"otherExpenses": 0,
					"operatingExpenses": 452843000,
					"costAndExpenses": 951428000,
					"interestIncome": 5710000,
					"interestExpense": 11471000,
					"depreciationAndAmortization": 55083000,
					"ebitda": 229836000,
					"ebitdaratio": 0.20841377346668033,
					"operatingIncome": 151359000,
					"operatingIncomeRatio": 0.13725134590814,
					"totalOtherIncomeExpensesNet": 11923000,
					"incomeBeforeTax": 163282000,
					"incomeBeforeTaxRatio": 0.1480630439060308,
					"incomeTaxExpense": 26766000,
					"netIncome": 136516000,
					"netIncomeRatio": 0.12379181111130255,
					"eps": 0.06,
					"epsdiluted": 0.06,
					"weightedAverageShsOut": 2236368000,
					"weightedAverageShsOutDil": 2281688000,
					"link": "https://www.sec.gov/Archives/edgar/data/1045810/000104581014000085/0001045810-14-000085-index.html",
					"finalLink": "https://www.sec.gov/Archives/edgar/data/1045810/000104581014000085/nvda2015q110q.htm"
				},
				{
					"date": "2014-07-27",
					"symbol": "NVDA",
					"reportedCurrency": "USD",
					"cik": "0001045810",
					"fillingDate": "2014-08-20",
					"acceptedDate": "2014-08-20 16:27:59",
					"calendarYear": "2015",
					"period": "Q2",
					"revenue": 1102824000,
					"costOfRevenue": 483850000,
					"grossProfit": 618974000,
					"grossProfitRatio": 0.5612627218849063,
					"researchAndDevelopmentExpenses": 337124000,
					"generalAndAdministrativeExpenses": 0,
					"sellingAndMarketingExpenses": 0,
					"sellingGeneralAndAdministrativeExpenses": 118671000,
					"otherExpenses": 0,
					"operatingExpenses": 455795000,
					"costAndExpenses": 939645000,
					"interestIncome": 6829000,
					"interestExpense": 11526000,
					"depreciationAndAmortization": 55607000,
					"ebitda": 221758000,
					"ebitdaratio": 0.20108194961299355,
					"operatingIncome": 163179000,
					"operatingIncomeRatio": 0.14796467976757852,
					"totalOtherIncomeExpensesNet": -8554000,
					"incomeBeforeTax": 154625000,
					"incomeBeforeTaxRatio": 0.1402082290555882,
					"incomeTaxExpense": 26649000,
					"netIncome": 127976000,
					"netIncomeRatio": 0.11604390183746455,
					"eps": 0.0575,
					"epsdiluted": 0.055,
					"weightedAverageShsOut": 2232892000,
					"weightedAverageShsOutDil": 2282288000,
					"link": "https://www.sec.gov/Archives/edgar/data/1045810/000104581014000158/0001045810-14-000158-index.html",
					"finalLink": "https://www.sec.gov/Archives/edgar/data/1045810/000104581014000158/nvda2015q210q.htm"
				},
				{
					"date": "2014-10-26",
					"symbol": "NVDA",
					"reportedCurrency": "USD",
					"cik": "0001045810",
					"fillingDate": "2014-11-19",
					"acceptedDate": "2014-11-18 19:09:07",
					"calendarYear": "2015",
					"period": "Q3",
					"revenue": 1225382000,
					"costOfRevenue": 548684000,
					"grossProfit": 676698000,
					"grossProfitRatio": 0.5522343236639676,
					"researchAndDevelopmentExpenses": 340085000,
					"generalAndAdministrativeExpenses": 0,
					"sellingAndMarketingExpenses": 0,
					"sellingGeneralAndAdministrativeExpenses": 123298000,
					"otherExpenses": 0,
					"operatingExpenses": 463383000,
					"costAndExpenses": 1012067000,
					"interestIncome": 7422000,
					"interestExpense": 11542000,
					"depreciationAndAmortization": 55480000,
					"ebitda": 276092000,
					"ebitdaratio": 0.2253109642544121,
					"operatingIncome": 213315000,
					"operatingIncomeRatio": 0.17408040921116844,
					"totalOtherIncomeExpensesNet": -4245000,
					"incomeBeforeTax": 209070000,
					"incomeBeforeTaxRatio": 0.17061618336159662,
					"incomeTaxExpense": 36103000,
					"netIncome": 172967000,
					"netIncomeRatio": 0.1411535341632242,
					"eps": 0.08,
					"epsdiluted": 0.0775,
					"weightedAverageShsOut": 2191156000,
					"weightedAverageShsOutDil": 2232804000,
					"link": "https://www.sec.gov/Archives/edgar/data/1045810/000104581014000188/0001045810-14-000188-index.html",
					"finalLink": "https://www.sec.gov/Archives/edgar/data/1045810/000104581014000188/nvda2015q310q.htm"
				},
				{
					"date": "2015-01-25",
					"symbol": "NVDA",
					"reportedCurrency": "USD",
					"cik": "0001045810",
					"fillingDate": "2015-03-12",
					"acceptedDate": "2015-03-11 19:48:05",
					"calendarYear": "2015",
					"period": "Q4",
					"revenue": 1250514000,
					"costOfRevenue": 550911000,
					"grossProfit": 699603000,
					"grossProfitRatio": 0.5594523531923673,
					"researchAndDevelopmentExpenses": 348253000,
					"generalAndAdministrativeExpenses": 0,
					"sellingAndMarketingExpenses": 0,
					"sellingGeneralAndAdministrativeExpenses": 120214000,
					"otherExpenses": 0,
					"operatingExpenses": 468467000,
					"costAndExpenses": 1019378000,
					"interestIncome": 8129000,
					"interestExpense": 11594000,
					"depreciationAndAmortization": 53955000,
					"ebitda": 293408000,
					"ebitdaratio": 0.2346299201768233,
					"operatingIncome": 231136000,
					"operatingIncomeRatio": 0.18483279675397477,
					"totalOtherIncomeExpensesNet": -3277000,
					"incomeBeforeTax": 227859000,
					"incomeBeforeTaxRatio": 0.18221227431280257,
					"incomeTaxExpense": 34731000,
					"netIncome": 193128000,
					"netIncomeRatio": 0.15443889472648847,
					"eps": 0.0875,
					"epsdiluted": 0.0875,
					"weightedAverageShsOut": 2176680000,
					"weightedAverageShsOutDil": 2226292000,
					"link": "https://www.sec.gov/Archives/edgar/data/1045810/000104581015000036/nvda-2015x10k.htm",
					"finalLink": "https://www.sec.gov/Archives/edgar/data/1045810/000104581015000036/nvda-2015x10k.htm"
				},
				{
					"date": "2015-04-26",
					"symbol": "NVDA",
					"reportedCurrency": "USD",
					"cik": "0001045810",
					"fillingDate": "2015-05-20",
					"acceptedDate": "2015-05-20 16:55:12",
					"calendarYear": "2016",
					"period": "Q1",
					"revenue": 1151000000,
					"costOfRevenue": 498000000,
					"grossProfit": 653000000,
					"grossProfitRatio": 0.5673327541268463,
					"researchAndDevelopmentExpenses": 339000000,
					"generalAndAdministrativeExpenses": 0,
					"sellingAndMarketingExpenses": 0,
					"sellingGeneralAndAdministrativeExpenses": 138000000,
					"otherExpenses": 0,
					"operatingExpenses": 477000000,
					"costAndExpenses": 975000000,
					"interestIncome": 9000000,
					"interestExpense": 12000000,
					"depreciationAndAmortization": 54000000,
					"ebitda": 238000000,
					"ebitdaratio": 0.20677671589921806,
					"operatingIncome": 176000000,
					"operatingIncomeRatio": 0.1529105125977411,
					"totalOtherIncomeExpensesNet": -4000000,
					"incomeBeforeTax": 172000000,
					"incomeBeforeTaxRatio": 0.14943527367506515,
					"incomeTaxExpense": 38000000,
					"netIncome": 134000000,
					"netIncomeRatio": 0.11642050390964379,
					"eps": 0.06,
					"epsdiluted": 0.06,
					"weightedAverageShsOut": 2196000000,
					"weightedAverageShsOutDil": 2272000000,
					"link": "https://www.sec.gov/Archives/edgar/data/1045810/000104581015000097/0001045810-15-000097-index.html",
					"finalLink": "https://www.sec.gov/Archives/edgar/data/1045810/000104581015000097/nvda2016q110q.htm"
				},
				{
					"date": "2015-07-26",
					"symbol": "NVDA",
					"reportedCurrency": "USD",
					"cik": "0001045810",
					"fillingDate": "2015-08-19",
					"acceptedDate": "2015-08-19 16:41:18",
					"calendarYear": "2016",
					"period": "Q2",
					"revenue": 1153000000,
					"costOfRevenue": 519000000,
					"grossProfit": 634000000,
					"grossProfitRatio": 0.5498699045967043,
					"researchAndDevelopmentExpenses": 320000000,
					"generalAndAdministrativeExpenses": 0,
					"sellingAndMarketingExpenses": 0,
					"sellingGeneralAndAdministrativeExpenses": 149000000,
					"otherExpenses": 0,
					"operatingExpenses": 469000000,
					"costAndExpenses": 988000000,
					"interestIncome": 9000000,
					"interestExpense": 12000000,
					"depreciationAndAmortization": 49000000,
					"ebitda": 133000000,
					"ebitdaratio": 0.11535125758889853,
					"operatingIncome": 76000000,
					"operatingIncomeRatio": 0.06591500433651344,
					"totalOtherIncomeExpensesNet": -4000000,
					"incomeBeforeTax": 72000000,
					"incomeBeforeTaxRatio": 0.062445793581960105,
					"incomeTaxExpense": 46000000,
					"netIncome": 26000000,
					"netIncomeRatio": 0.022549869904596703,
					"eps": 0.0125,
					"epsdiluted": 0.0125,
					"weightedAverageShsOut": 2164000000,
					"weightedAverageShsOutDil": 2224000000,
					"link": "https://www.sec.gov/Archives/edgar/data/1045810/000104581015000143/0001045810-15-000143-index.html",
					"finalLink": "https://www.sec.gov/Archives/edgar/data/1045810/000104581015000143/nvda2016q210q.htm"
				},
				{
					"date": "2015-10-25",
					"symbol": "NVDA",
					"reportedCurrency": "USD",
					"cik": "0001045810",
					"fillingDate": "2015-11-18",
					"acceptedDate": "2015-11-18 16:39:57",
					"calendarYear": "2016",
					"period": "Q3",
					"revenue": 1305000000,
					"costOfRevenue": 571000000,
					"grossProfit": 734000000,
					"grossProfitRatio": 0.5624521072796935,
					"researchAndDevelopmentExpenses": 329000000,
					"generalAndAdministrativeExpenses": 0,
					"sellingAndMarketingExpenses": 0,
					"sellingGeneralAndAdministrativeExpenses": 152000000,
					"otherExpenses": 0,
					"operatingExpenses": 481000000,
					"costAndExpenses": 1052000000,
					"interestIncome": 9000000,
					"interestExpense": 12000000,
					"depreciationAndAmortization": 48000000,
					"ebitda": 305000000,
					"ebitdaratio": 0.23371647509578544,
					"operatingIncome": 245000000,
					"operatingIncomeRatio": 0.18773946360153257,
					"totalOtherIncomeExpensesNet": 0,
					"incomeBeforeTax": 245000000,
					"incomeBeforeTaxRatio": 0.18773946360153257,
					"incomeTaxExpense": -1000000,
					"netIncome": 246000000,
					"netIncomeRatio": 0.18850574712643678,
					"eps": 0.1125,
					"epsdiluted": 0.11,
					"weightedAverageShsOut": 2168000000,
					"weightedAverageShsOutDil": 2260000000,
					"link": "https://www.sec.gov/Archives/edgar/data/1045810/000104581015000173/0001045810-15-000173-index.html",
					"finalLink": "https://www.sec.gov/Archives/edgar/data/1045810/000104581015000173/nvda2016q310q.htm"
				},
				{
					"date": "2016-01-31",
					"symbol": "NVDA",
					"reportedCurrency": "USD",
					"cik": "0001045810",
					"fillingDate": "2016-03-17",
					"acceptedDate": "2016-03-16 18:07:18",
					"calendarYear": "2016",
					"period": "Q4",
					"revenue": 1401000000,
					"costOfRevenue": 610000000,
					"grossProfit": 791000000,
					"grossProfitRatio": 0.5645967166309779,
					"researchAndDevelopmentExpenses": 344000000,
					"generalAndAdministrativeExpenses": 0,
					"sellingAndMarketingExpenses": 0,
					"sellingGeneralAndAdministrativeExpenses": 161000000,
					"otherExpenses": 0,
					"operatingExpenses": 505000000,
					"costAndExpenses": 1115000000,
					"interestIncome": 11000000,
					"interestExpense": 12000000,
					"depreciationAndAmortization": 46000000,
					"ebitda": 312000000,
					"ebitdaratio": 0.22269807280513917,
					"operatingIncome": 252000000,
					"operatingIncomeRatio": 0.17987152034261242,
					"totalOtherIncomeExpensesNet": 2000000,
					"incomeBeforeTax": 254000000,
					"incomeBeforeTaxRatio": 0.1812990720913633,
					"incomeTaxExpense": 46000000,
					"netIncome": 208000000,
					"netIncomeRatio": 0.14846538187009278,
					"eps": 0.095,
					"epsdiluted": 0.0875,
					"weightedAverageShsOut": 2156000000,
					"weightedAverageShsOutDil": 2372000000,
					"link": "https://www.sec.gov/Archives/edgar/data/1045810/000104581016000205/0001045810-16-000205-index.html",
					"finalLink": "https://www.sec.gov/Archives/edgar/data/1045810/000104581016000205/nvda-2016x10k.htm"
				},
				{
					"date": "2016-05-01",
					"symbol": "NVDA",
					"reportedCurrency": "USD",
					"cik": "0001045810",
					"fillingDate": "2016-05-25",
					"acceptedDate": "2016-05-25 16:55:13",
					"calendarYear": "2017",
					"period": "Q1",
					"revenue": 1305000000,
					"costOfRevenue": 554000000,
					"grossProfit": 751000000,
					"grossProfitRatio": 0.5754789272030651,
					"researchAndDevelopmentExpenses": 346000000,
					"generalAndAdministrativeExpenses": 0,
					"sellingAndMarketingExpenses": 0,
					"sellingGeneralAndAdministrativeExpenses": 159000000,
					"otherExpenses": 0,
					"operatingExpenses": 505000000,
					"costAndExpenses": 1059000000,
					"interestIncome": 12000000,
					"interestExpense": 12000000,
					"depreciationAndAmortization": 45000000,
					"ebitda": 298000000,
					"ebitdaratio": 0.22835249042145594,
					"operatingIncome": 245000000,
					"operatingIncomeRatio": 0.18773946360153257,
					"totalOtherIncomeExpensesNet": -4000000,
					"incomeBeforeTax": 241000000,
					"incomeBeforeTaxRatio": 0.1846743295019157,
					"incomeTaxExpense": 45000000,
					"netIncome": 196000000,
					"netIncomeRatio": 0.15019157088122606,
					"eps": 0.09,
					"epsdiluted": 0.0825,
					"weightedAverageShsOut": 2148000000,
					"weightedAverageShsOutDil": 2388000000,
					"link": "https://www.sec.gov/Archives/edgar/data/1045810/000104581016000275/0001045810-16-000275-index.html",
					"finalLink": "https://www.sec.gov/Archives/edgar/data/1045810/000104581016000275/nvda2017q110q.htm"
				},
				{
					"date": "2016-07-31",
					"symbol": "NVDA",
					"reportedCurrency": "USD",
					"cik": "0001045810",
					"fillingDate": "2016-08-23",
					"acceptedDate": "2016-08-23 17:20:18",
					"calendarYear": "2017",
					"period": "Q2",
					"revenue": 1428000000,
					"costOfRevenue": 602000000,
					"grossProfit": 826000000,
					"grossProfitRatio": 0.5784313725490197,
					"researchAndDevelopmentExpenses": 350000000,
					"generalAndAdministrativeExpenses": 0,
					"sellingAndMarketingExpenses": 0,
					"sellingGeneralAndAdministrativeExpenses": 157000000,
					"otherExpenses": 0,
					"operatingExpenses": 507000000,
					"costAndExpenses": 1109000000,
					"interestIncome": 12000000,
					"interestExpense": 12000000,
					"depreciationAndAmortization": 47000000,
					"ebitda": 376000000,
					"ebitdaratio": 0.26330532212885155,
					"operatingIncome": 317000000,
					"operatingIncomeRatio": 0.22198879551820727,
					"totalOtherIncomeExpensesNet": 0,
					"incomeBeforeTax": 317000000,
					"incomeBeforeTaxRatio": 0.22198879551820727,
					"incomeTaxExpense": 64000000,
					"netIncome": 253000000,
					"netIncomeRatio": 0.17717086834733894,
					"eps": 0.1175,
					"epsdiluted": 0.1,
					"weightedAverageShsOut": 2136000000,
					"weightedAverageShsOutDil": 2524000000,
					"link": "https://www.sec.gov/Archives/edgar/data/1045810/000104581016000300/nvda2017q210q.htm",
					"finalLink": "https://www.sec.gov/Archives/edgar/data/1045810/000104581016000300/nvda2017q210q.htm"
				},
				{
					"date": "2016-10-30",
					"symbol": "NVDA",
					"reportedCurrency": "USD",
					"cik": "0001045810",
					"fillingDate": "2016-11-22",
					"acceptedDate": "2016-11-22 16:29:33",
					"calendarYear": "2017",
					"period": "Q3",
					"revenue": 2004000000,
					"costOfRevenue": 821000000,
					"grossProfit": 1183000000,
					"grossProfitRatio": 0.5903193612774451,
					"researchAndDevelopmentExpenses": 373000000,
					"generalAndAdministrativeExpenses": 0,
					"sellingAndMarketingExpenses": 0,
					"sellingGeneralAndAdministrativeExpenses": 171000000,
					"otherExpenses": 0,
					"operatingExpenses": 544000000,
					"costAndExpenses": 1365000000,
					"interestIncome": 14000000,
					"interestExpense": 16000000,
					"depreciationAndAmortization": 48000000,
					"ebitda": 685000000,
					"ebitdaratio": 0.34181636726546905,
					"operatingIncome": 639000000,
					"operatingIncomeRatio": 0.3188622754491018,
					"totalOtherIncomeExpensesNet": -18000000,
					"incomeBeforeTax": 621000000,
					"incomeBeforeTaxRatio": 0.30988023952095806,
					"incomeTaxExpense": 79000000,
					"netIncome": 542000000,
					"netIncomeRatio": 0.27045908183632733,
					"eps": 0.2525,
					"epsdiluted": 0.2075,
					"weightedAverageShsOut": 2152000000,
					"weightedAverageShsOutDil": 2612000000,
					"link": "https://www.sec.gov/Archives/edgar/data/1045810/000104581016000353/0001045810-16-000353-index.html",
					"finalLink": "https://www.sec.gov/Archives/edgar/data/1045810/000104581016000353/nvda2017q310q.htm"
				},
				{
					"date": "2017-01-29",
					"symbol": "NVDA",
					"reportedCurrency": "USD",
					"cik": "0001045810",
					"fillingDate": "2017-03-01",
					"acceptedDate": "2017-03-01 17:30:49",
					"calendarYear": "2017",
					"period": "Q4",
					"revenue": 2173000000,
					"costOfRevenue": 870000000,
					"grossProfit": 1303000000,
					"grossProfitRatio": 0.5996318453750575,
					"researchAndDevelopmentExpenses": 394000000,
					"generalAndAdministrativeExpenses": 0,
					"sellingAndMarketingExpenses": 0,
					"sellingGeneralAndAdministrativeExpenses": 176000000,
					"otherExpenses": 0,
					"operatingExpenses": 570000000,
					"costAndExpenses": 1440000000,
					"interestIncome": 17000000,
					"interestExpense": 19000000,
					"depreciationAndAmortization": 47000000,
					"ebitda": 791000000,
					"ebitdaratio": 0.364012885411873,
					"operatingIncome": 733000000,
					"operatingIncomeRatio": 0.3373216751035435,
					"totalOtherIncomeExpensesNet": -8000000,
					"incomeBeforeTax": 725000000,
					"incomeBeforeTaxRatio": 0.33364012885411876,
					"incomeTaxExpense": 71000000,
					"netIncome": 654000000,
					"netIncomeRatio": 0.300966405890474,
					"eps": 0.295,
					"epsdiluted": 0.2475,
					"weightedAverageShsOut": 2212000000,
					"weightedAverageShsOutDil": 2640000000,
					"link": "https://www.sec.gov/Archives/edgar/data/1045810/000104581017000027/0001045810-17-000027-index.html",
					"finalLink": "https://www.sec.gov/Archives/edgar/data/1045810/000104581017000027/nvda-2017x10k.htm"
				},
				{
					"date": "2017-04-30",
					"symbol": "NVDA",
					"reportedCurrency": "USD",
					"cik": "0001045810",
					"fillingDate": "2017-05-23",
					"acceptedDate": "2017-05-23 16:34:55",
					"calendarYear": "2018",
					"period": "Q1",
					"revenue": 1937000000,
					"costOfRevenue": 787000000,
					"grossProfit": 1150000000,
					"grossProfitRatio": 0.5937016004130098,
					"researchAndDevelopmentExpenses": 411000000,
					"generalAndAdministrativeExpenses": 0,
					"sellingAndMarketingExpenses": 0,
					"sellingGeneralAndAdministrativeExpenses": 185000000,
					"otherExpenses": 0,
					"operatingExpenses": 596000000,
					"costAndExpenses": 1383000000,
					"interestIncome": 16000000,
					"interestExpense": 16000000,
					"depreciationAndAmortization": 47000000,
					"ebitda": 599000000,
					"ebitdaratio": 0.3092410944759938,
					"operatingIncome": 554000000,
					"operatingIncomeRatio": 0.28600929272070214,
					"totalOtherIncomeExpensesNet": -18000000,
					"incomeBeforeTax": 536000000,
					"incomeBeforeTaxRatio": 0.27671657201858546,
					"incomeTaxExpense": 29000000,
					"netIncome": 507000000,
					"netIncomeRatio": 0.26174496644295303,
					"eps": 0.215,
					"epsdiluted": 0.1975,
					"weightedAverageShsOut": 2368000000,
					"weightedAverageShsOutDil": 2564000000,
					"link": "https://www.sec.gov/Archives/edgar/data/1045810/000104581017000075/0001045810-17-000075-index.html",
					"finalLink": "https://www.sec.gov/Archives/edgar/data/1045810/000104581017000075/nvda2018q110q.htm"
				},
				{
					"date": "2017-07-30",
					"symbol": "NVDA",
					"reportedCurrency": "USD",
					"cik": "0001045810",
					"fillingDate": "2017-08-23",
					"acceptedDate": "2017-08-23 16:24:51",
					"calendarYear": "2018",
					"period": "Q2",
					"revenue": 2230000000,
					"costOfRevenue": 928000000,
					"grossProfit": 1302000000,
					"grossProfitRatio": 0.5838565022421525,
					"researchAndDevelopmentExpenses": 416000000,
					"generalAndAdministrativeExpenses": 0,
					"sellingAndMarketingExpenses": 0,
					"sellingGeneralAndAdministrativeExpenses": 198000000,
					"otherExpenses": 0,
					"operatingExpenses": 614000000,
					"costAndExpenses": 1542000000,
					"interestIncome": 15000000,
					"interestExpense": 15000000,
					"depreciationAndAmortization": 49000000,
					"ebitda": 748000000,
					"ebitdaratio": 0.33542600896860986,
					"operatingIncome": 688000000,
					"operatingIncomeRatio": 0.30852017937219733,
					"totalOtherIncomeExpensesNet": -4000000,
					"incomeBeforeTax": 684000000,
					"incomeBeforeTaxRatio": 0.30672645739910315,
					"incomeTaxExpense": 101000000,
					"netIncome": 583000000,
					"netIncomeRatio": 0.26143497757847534,
					"eps": 0.245,
					"epsdiluted": 0.23,
					"weightedAverageShsOut": 2388000000,
					"weightedAverageShsOutDil": 2532000000,
					"link": "https://www.sec.gov/Archives/edgar/data/1045810/000104581017000123/0001045810-17-000123-index.html",
					"finalLink": "https://www.sec.gov/Archives/edgar/data/1045810/000104581017000123/nvda2018q210q.htm"
				},
				{
					"date": "2017-10-29",
					"symbol": "NVDA",
					"reportedCurrency": "USD",
					"cik": "0001045810",
					"fillingDate": "2017-11-21",
					"acceptedDate": "2017-11-21 16:25:20",
					"calendarYear": "2018",
					"period": "Q3",
					"revenue": 2636000000,
					"costOfRevenue": 1067000000,
					"grossProfit": 1569000000,
					"grossProfitRatio": 0.5952200303490136,
					"researchAndDevelopmentExpenses": 462000000,
					"generalAndAdministrativeExpenses": 0,
					"sellingAndMarketingExpenses": 0,
					"sellingGeneralAndAdministrativeExpenses": 212000000,
					"otherExpenses": 0,
					"operatingExpenses": 674000000,
					"costAndExpenses": 1741000000,
					"interestIncome": 17000000,
					"interestExpense": 15000000,
					"depreciationAndAmortization": 49000000,
					"ebitda": 960000000,
					"ebitdaratio": 0.36418816388467373,
					"operatingIncome": 895000000,
					"operatingIncomeRatio": 0.33952959028831564,
					"totalOtherIncomeExpensesNet": 1000000,
					"incomeBeforeTax": 896000000,
					"incomeBeforeTaxRatio": 0.33990895295902884,
					"incomeTaxExpense": 58000000,
					"netIncome": 838000000,
					"netIncomeRatio": 0.3179059180576631,
					"eps": 0.3475,
					"epsdiluted": 0.3325,
					"weightedAverageShsOut": 2412000000,
					"weightedAverageShsOutDil": 2512000000,
					"link": "https://www.sec.gov/Archives/edgar/data/1045810/000104581017000172/0001045810-17-000172-index.html",
					"finalLink": "https://www.sec.gov/Archives/edgar/data/1045810/000104581017000172/nvda2018q310q.htm"
				},
				{
					"date": "2018-01-28",
					"symbol": "NVDA",
					"reportedCurrency": "USD",
					"cik": "0001045810",
					"fillingDate": "2018-02-28",
					"acceptedDate": "2018-02-28 16:31:19",
					"calendarYear": "2018",
					"period": "Q4",
					"revenue": 2911000000,
					"costOfRevenue": 1110000000,
					"grossProfit": 1801000000,
					"grossProfitRatio": 0.6186877361731363,
					"researchAndDevelopmentExpenses": 507000000,
					"generalAndAdministrativeExpenses": 0,
					"sellingAndMarketingExpenses": 0,
					"sellingGeneralAndAdministrativeExpenses": 221000000,
					"otherExpenses": 0,
					"operatingExpenses": 728000000,
					"costAndExpenses": 1838000000,
					"interestIncome": 21000000,
					"interestExpense": 15000000,
					"depreciationAndAmortization": 54000000,
					"ebitda": 1148000000,
					"ebitdaratio": 0.39436619718309857,
					"operatingIncome": 1073000000,
					"operatingIncomeRatio": 0.3686018550326348,
					"totalOtherIncomeExpensesNet": 6000000,
					"incomeBeforeTax": 1079000000,
					"incomeBeforeTaxRatio": 0.3706630024046719,
					"incomeTaxExpense": -40000000,
					"netIncome": 1119000000,
					"netIncomeRatio": 0.3844039848849193,
					"eps": 0.46,
					"epsdiluted": 0.445,
					"weightedAverageShsOut": 2424000000,
					"weightedAverageShsOutDil": 2512000000,
					"link": "https://www.sec.gov/Archives/edgar/data/1045810/000104581018000010/0001045810-18-000010-index.html",
					"finalLink": "https://www.sec.gov/Archives/edgar/data/1045810/000104581018000010/nvda-2018x10k.htm"
				},
				{
					"date": "2018-04-29",
					"symbol": "NVDA",
					"reportedCurrency": "USD",
					"cik": "0001045810",
					"fillingDate": "2018-05-22",
					"acceptedDate": "2018-05-22 16:35:51",
					"calendarYear": "2019",
					"period": "Q1",
					"revenue": 3207000000,
					"costOfRevenue": 1139000000,
					"grossProfit": 2068000000,
					"grossProfitRatio": 0.6448394137823511,
					"researchAndDevelopmentExpenses": 542000000,
					"generalAndAdministrativeExpenses": 0,
					"sellingAndMarketingExpenses": 0,
					"sellingGeneralAndAdministrativeExpenses": 231000000,
					"otherExpenses": 0,
					"operatingExpenses": 773000000,
					"costAndExpenses": 1912000000,
					"interestIncome": 25000000,
					"interestExpense": 15000000,
					"depreciationAndAmortization": 57000000,
					"ebitda": 1383000000,
					"ebitdaratio": 0.431244153414406,
					"operatingIncome": 1295000000,
					"operatingIncomeRatio": 0.40380417835983784,
					"totalOtherIncomeExpensesNet": 16000000,
					"incomeBeforeTax": 1311000000,
					"incomeBeforeTaxRatio": 0.4087932647333957,
					"incomeTaxExpense": 67000000,
					"netIncome": 1244000000,
					"netIncomeRatio": 0.38790146554412225,
					"eps": 0.5125,
					"epsdiluted": 0.495,
					"weightedAverageShsOut": 2424000000,
					"weightedAverageShsOutDil": 2508000000,
					"link": "https://www.sec.gov/Archives/edgar/data/1045810/000104581018000080/0001045810-18-000080-index.html",
					"finalLink": "https://www.sec.gov/Archives/edgar/data/1045810/000104581018000080/nvda2019q110q.htm"
				},
				{
					"date": "2018-07-29",
					"symbol": "NVDA",
					"reportedCurrency": "USD",
					"cik": "0001045810",
					"fillingDate": "2018-08-16",
					"acceptedDate": "2018-08-16 16:31:19",
					"calendarYear": "2019",
					"period": "Q2",
					"revenue": 3123000000,
					"costOfRevenue": 1148000000,
					"grossProfit": 1975000000,
					"grossProfitRatio": 0.6324047390329811,
					"researchAndDevelopmentExpenses": 581000000,
					"generalAndAdministrativeExpenses": 0,
					"sellingAndMarketingExpenses": 0,
					"sellingGeneralAndAdministrativeExpenses": 237000000,
					"otherExpenses": 0,
					"operatingExpenses": 818000000,
					"costAndExpenses": 1966000000,
					"interestIncome": 32000000,
					"interestExpense": 14000000,
					"depreciationAndAmortization": 59000000,
					"ebitda": 1253000000,
					"ebitdaratio": 0.40121677873839257,
					"operatingIncome": 1157000000,
					"operatingIncomeRatio": 0.37047710534742234,
					"totalOtherIncomeExpensesNet": 23000000,
					"incomeBeforeTax": 1180000000,
					"incomeBeforeTaxRatio": 0.37784181876400896,
					"incomeTaxExpense": 79000000,
					"netIncome": 1101000000,
					"netIncomeRatio": 0.3525456292026897,
					"eps": 0.4525,
					"epsdiluted": 0.44,
					"weightedAverageShsOut": 2428000000,
					"weightedAverageShsOutDil": 2504000000,
					"link": "https://www.sec.gov/Archives/edgar/data/1045810/000104581018000114/0001045810-18-000114-index.html",
					"finalLink": "https://www.sec.gov/Archives/edgar/data/1045810/000104581018000114/nvda2019q210q.htm"
				},
				{
					"date": "2018-10-28",
					"symbol": "NVDA",
					"reportedCurrency": "USD",
					"cik": "0001045810",
					"fillingDate": "2018-11-15",
					"acceptedDate": "2018-11-15 16:32:23",
					"calendarYear": "2019",
					"period": "Q3",
					"revenue": 3181000000,
					"costOfRevenue": 1260000000,
					"grossProfit": 1921000000,
					"grossProfitRatio": 0.6038981452373468,
					"researchAndDevelopmentExpenses": 605000000,
					"generalAndAdministrativeExpenses": 0,
					"sellingAndMarketingExpenses": 0,
					"sellingGeneralAndAdministrativeExpenses": 258000000,
					"otherExpenses": 0,
					"operatingExpenses": 863000000,
					"costAndExpenses": 2123000000,
					"interestIncome": 37000000,
					"interestExpense": 15000000,
					"depreciationAndAmortization": 68000000,
					"ebitda": 1164000000,
					"ebitdaratio": 0.36592266582835586,
					"operatingIncome": 1058000000,
					"operatingIncomeRatio": 0.33259981138006917,
					"totalOtherIncomeExpensesNet": 23000000,
					"incomeBeforeTax": 1081000000,
					"incomeBeforeTaxRatio": 0.3398302420622446,
					"incomeTaxExpense": -149000000,
					"netIncome": 1230000000,
					"netIncomeRatio": 0.3866708582206853,
					"eps": 0.505,
					"epsdiluted": 0.4925,
					"weightedAverageShsOut": 2436000000,
					"weightedAverageShsOutDil": 2500000000,
					"link": "https://www.sec.gov/Archives/edgar/data/1045810/000104581018000150/0001045810-18-000150-index.html",
					"finalLink": "https://www.sec.gov/Archives/edgar/data/1045810/000104581018000150/nvda2019q310q.htm"
				},
				{
					"date": "2019-01-27",
					"symbol": "NVDA",
					"reportedCurrency": "USD",
					"cik": "0001045810",
					"fillingDate": "2019-02-21",
					"acceptedDate": "2019-02-21 16:37:18",
					"calendarYear": "2019",
					"period": "Q4",
					"revenue": 2205000000,
					"costOfRevenue": 998000000,
					"grossProfit": 1207000000,
					"grossProfitRatio": 0.5473922902494331,
					"researchAndDevelopmentExpenses": 647000000,
					"generalAndAdministrativeExpenses": 0,
					"sellingAndMarketingExpenses": 0,
					"sellingGeneralAndAdministrativeExpenses": 266000000,
					"otherExpenses": 0,
					"operatingExpenses": 913000000,
					"costAndExpenses": 1911000000,
					"interestIncome": 42000000,
					"interestExpense": 14000000,
					"depreciationAndAmortization": 78000000,
					"ebitda": 416000000,
					"ebitdaratio": 0.18866213151927438,
					"operatingIncome": 294000000,
					"operatingIncomeRatio": 0.13333333333333333,
					"totalOtherIncomeExpensesNet": 30000000,
					"incomeBeforeTax": 324000000,
					"incomeBeforeTaxRatio": 0.1469387755102041,
					"incomeTaxExpense": -242000000,
					"netIncome": 566000000,
					"netIncomeRatio": 0.2566893424036281,
					"eps": 0.2325,
					"epsdiluted": 0.23,
					"weightedAverageShsOut": 2436000000,
					"weightedAverageShsOutDil": 2476000000,
					"link": "https://www.sec.gov/Archives/edgar/data/1045810/000104581019000023/0001045810-19-000023-index.html",
					"finalLink": "https://www.sec.gov/Archives/edgar/data/1045810/000104581019000023/nvda-2019x10k.htm"
				},
				{
					"date": "2019-04-28",
					"symbol": "NVDA",
					"reportedCurrency": "USD",
					"cik": "0001045810",
					"fillingDate": "2019-05-16",
					"acceptedDate": "2019-05-16 16:36:34",
					"calendarYear": "2020",
					"period": "Q1",
					"revenue": 2220000000,
					"costOfRevenue": 924000000,
					"grossProfit": 1296000000,
					"grossProfitRatio": 0.5837837837837838,
					"researchAndDevelopmentExpenses": 674000000,
					"generalAndAdministrativeExpenses": 0,
					"sellingAndMarketingExpenses": 0,
					"sellingGeneralAndAdministrativeExpenses": 264000000,
					"otherExpenses": 0,
					"operatingExpenses": 938000000,
					"costAndExpenses": 1862000000,
					"interestIncome": 44000000,
					"interestExpense": 13000000,
					"depreciationAndAmortization": 91000000,
					"ebitda": 493000000,
					"ebitdaratio": 0.22207207207207208,
					"operatingIncome": 358000000,
					"operatingIncomeRatio": 0.16126126126126125,
					"totalOtherIncomeExpensesNet": 31000000,
					"incomeBeforeTax": 389000000,
					"incomeBeforeTaxRatio": 0.1752252252252252,
					"incomeTaxExpense": -5000000,
					"netIncome": 394000000,
					"netIncomeRatio": 0.17747747747747747,
					"eps": 0.1625,
					"epsdiluted": 0.16,
					"weightedAverageShsOut": 2428000000,
					"weightedAverageShsOutDil": 2464000000,
					"link": "https://www.sec.gov/Archives/edgar/data/1045810/000104581019000079/0001045810-19-000079-index.html",
					"finalLink": "https://www.sec.gov/Archives/edgar/data/1045810/000104581019000079/nvda2020q110q.htm"
				},
				{
					"date": "2019-07-28",
					"symbol": "NVDA",
					"reportedCurrency": "USD",
					"cik": "0001045810",
					"fillingDate": "2019-08-15",
					"acceptedDate": "2019-08-15 17:20:59",
					"calendarYear": "2020",
					"period": "Q2",
					"revenue": 2579000000,
					"costOfRevenue": 1038000000,
					"grossProfit": 1541000000,
					"grossProfitRatio": 0.5975184179914695,
					"researchAndDevelopmentExpenses": 704000000,
					"generalAndAdministrativeExpenses": 0,
					"sellingAndMarketingExpenses": 0,
					"sellingGeneralAndAdministrativeExpenses": 266000000,
					"otherExpenses": 0,
					"operatingExpenses": 970000000,
					"costAndExpenses": 2008000000,
					"interestIncome": 47000000,
					"interestExpense": 13000000,
					"depreciationAndAmortization": 92000000,
					"ebitda": 711000000,
					"ebitdaratio": 0.2756882512601784,
					"operatingIncome": 571000000,
					"operatingIncomeRatio": 0.22140364482357502,
					"totalOtherIncomeExpensesNet": 35000000,
					"incomeBeforeTax": 606000000,
					"incomeBeforeTaxRatio": 0.23497479643272587,
					"incomeTaxExpense": 54000000,
					"netIncome": 552000000,
					"netIncomeRatio": 0.2140364482357503,
					"eps": 0.2275,
					"epsdiluted": 0.225,
					"weightedAverageShsOut": 2436000000,
					"weightedAverageShsOutDil": 2464000000,
					"link": "https://www.sec.gov/Archives/edgar/data/1045810/000104581019000144/0001045810-19-000144-index.html",
					"finalLink": "https://www.sec.gov/Archives/edgar/data/1045810/000104581019000144/nvda2020q210q.htm"
				},
				{
					"date": "2019-10-27",
					"symbol": "NVDA",
					"reportedCurrency": "USD",
					"cik": "0001045810",
					"fillingDate": "2019-11-14",
					"acceptedDate": "2019-11-14 16:36:33",
					"calendarYear": "2020",
					"period": "Q3",
					"revenue": 3014000000,
					"costOfRevenue": 1098000000,
					"grossProfit": 1916000000,
					"grossProfitRatio": 0.6357000663570007,
					"researchAndDevelopmentExpenses": 712000000,
					"generalAndAdministrativeExpenses": 0,
					"sellingAndMarketingExpenses": 0,
					"sellingGeneralAndAdministrativeExpenses": 277000000,
					"otherExpenses": 0,
					"operatingExpenses": 989000000,
					"costAndExpenses": 2087000000,
					"interestIncome": 45000000,
					"interestExpense": 13000000,
					"depreciationAndAmortization": 92000000,
					"ebitda": 1064000000,
					"ebitdaratio": 0.35301924353019243,
					"operatingIncome": 927000000,
					"operatingIncomeRatio": 0.30756469807564696,
					"totalOtherIncomeExpensesNet": 32000000,
					"incomeBeforeTax": 959000000,
					"incomeBeforeTaxRatio": 0.3181818181818182,
					"incomeTaxExpense": 60000000,
					"netIncome": 899000000,
					"netIncomeRatio": 0.2982747179827472,
					"eps": 0.3675,
					"epsdiluted": 0.3625,
					"weightedAverageShsOut": 2440000000,
					"weightedAverageShsOutDil": 2472000000,
					"link": "https://www.sec.gov/Archives/edgar/data/1045810/000104581019000170/0001045810-19-000170-index.html",
					"finalLink": "https://www.sec.gov/Archives/edgar/data/1045810/000104581019000170/nvda2020q310q.htm"
				},
				{
					"date": "2020-01-26",
					"symbol": "NVDA",
					"reportedCurrency": "USD",
					"cik": "0001045810",
					"fillingDate": "2020-02-20",
					"acceptedDate": "2020-02-20 16:38:18",
					"calendarYear": "2020",
					"period": "Q4",
					"revenue": 3105000000,
					"costOfRevenue": 1090000000,
					"grossProfit": 2015000000,
					"grossProfitRatio": 0.6489533011272142,
					"researchAndDevelopmentExpenses": 738000000,
					"generalAndAdministrativeExpenses": 0,
					"sellingAndMarketingExpenses": 0,
					"sellingGeneralAndAdministrativeExpenses": 287000000,
					"otherExpenses": 0,
					"operatingExpenses": 1025000000,
					"costAndExpenses": 2115000000,
					"interestIncome": 41000000,
					"interestExpense": 13000000,
					"depreciationAndAmortization": 106000000,
					"ebitda": 1135000000,
					"ebitdaratio": 0.36553945249597425,
					"operatingIncome": 990000000,
					"operatingIncomeRatio": 0.3188405797101449,
					"totalOtherIncomeExpensesNet": 26000000,
					"incomeBeforeTax": 1016000000,
					"incomeBeforeTaxRatio": 0.3272141706924316,
					"incomeTaxExpense": 65000000,
					"netIncome": 951000000,
					"netIncomeRatio": 0.30628019323671496,
					"eps": 0.3875,
					"epsdiluted": 0.3825,
					"weightedAverageShsOut": 2448000000,
					"weightedAverageShsOutDil": 2484000000,
					"link": "https://www.sec.gov/Archives/edgar/data/1045810/000104581020000010/0001045810-20-000010-index.html",
					"finalLink": "https://www.sec.gov/Archives/edgar/data/1045810/000104581020000010/nvda-2020x10k.htm"
				},
				{
					"date": "2020-04-26",
					"symbol": "NVDA",
					"reportedCurrency": "USD",
					"cik": "0001045810",
					"fillingDate": "2020-05-21",
					"acceptedDate": "2020-05-21 16:32:58",
					"calendarYear": "2021",
					"period": "Q1",
					"revenue": 3080000000,
					"costOfRevenue": 1076000000,
					"grossProfit": 2004000000,
					"grossProfitRatio": 0.6506493506493507,
					"researchAndDevelopmentExpenses": 735000000,
					"generalAndAdministrativeExpenses": 0,
					"sellingAndMarketingExpenses": 0,
					"sellingGeneralAndAdministrativeExpenses": 293000000,
					"otherExpenses": 0,
					"operatingExpenses": 1028000000,
					"costAndExpenses": 2104000000,
					"interestIncome": 31000000,
					"interestExpense": 25000000,
					"depreciationAndAmortization": 107000000,
					"ebitda": 1113000000,
					"ebitdaratio": 0.3613636363636364,
					"operatingIncome": 976000000,
					"operatingIncomeRatio": 0.3168831168831169,
					"totalOtherIncomeExpensesNet": 5000000,
					"incomeBeforeTax": 981000000,
					"incomeBeforeTaxRatio": 0.3185064935064935,
					"incomeTaxExpense": 64000000,
					"netIncome": 917000000,
					"netIncomeRatio": 0.29772727272727273,
					"eps": 0.3725,
					"epsdiluted": 0.3675,
					"weightedAverageShsOut": 2456000000,
					"weightedAverageShsOutDil": 2488000000,
					"link": "https://www.sec.gov/Archives/edgar/data/1045810/000104581020000065/0001045810-20-000065-index.htm",
					"finalLink": "https://www.sec.gov/Archives/edgar/data/1045810/000104581020000065/nvda-20200426.htm"
				},
				{
					"date": "2020-07-26",
					"symbol": "NVDA",
					"reportedCurrency": "USD",
					"cik": "0001045810",
					"fillingDate": "2020-08-19",
					"acceptedDate": "2020-08-19 16:36:51",
					"calendarYear": "2021",
					"period": "Q2",
					"revenue": 3866000000,
					"costOfRevenue": 1591000000,
					"grossProfit": 2275000000,
					"grossProfitRatio": 0.5884635281945163,
					"researchAndDevelopmentExpenses": 997000000,
					"generalAndAdministrativeExpenses": 0,
					"sellingAndMarketingExpenses": 0,
					"sellingGeneralAndAdministrativeExpenses": 627000000,
					"otherExpenses": 0,
					"operatingExpenses": 1624000000,
					"costAndExpenses": 3215000000,
					"interestIncome": 13000000,
					"interestExpense": 54000000,
					"depreciationAndAmortization": 404000000,
					"ebitda": 1067000000,
					"ebitdaratio": 0.2759958613554061,
					"operatingIncome": 651000000,
					"operatingIncomeRatio": 0.16839110191412313,
					"totalOtherIncomeExpensesNet": -42000000,
					"incomeBeforeTax": 609000000,
					"incomeBeforeTaxRatio": 0.15752715985514745,
					"incomeTaxExpense": -13000000,
					"netIncome": 622000000,
					"netIncomeRatio": 0.16088980858768753,
					"eps": 0.2525,
					"epsdiluted": 0.2475,
					"weightedAverageShsOut": 2464000000,
					"weightedAverageShsOutDil": 2504000000,
					"link": "https://www.sec.gov/Archives/edgar/data/1045810/000104581020000147/0001045810-20-000147-index.htm",
					"finalLink": "https://www.sec.gov/Archives/edgar/data/1045810/000104581020000147/nvda-20200726.htm"
				},
				{
					"date": "2020-10-25",
					"symbol": "NVDA",
					"reportedCurrency": "USD",
					"cik": "0001045810",
					"fillingDate": "2020-11-18",
					"acceptedDate": "2020-11-18 16:35:57",
					"calendarYear": "2021",
					"period": "Q3",
					"revenue": 4726000000,
					"costOfRevenue": 1766000000,
					"grossProfit": 2960000000,
					"grossProfitRatio": 0.6263224714346171,
					"researchAndDevelopmentExpenses": 1047000000,
					"generalAndAdministrativeExpenses": 0,
					"sellingAndMarketingExpenses": 0,
					"sellingGeneralAndAdministrativeExpenses": 515000000,
					"otherExpenses": 0,
					"operatingExpenses": 1562000000,
					"costAndExpenses": 3328000000,
					"interestIncome": 7000000,
					"interestExpense": 53000000,
					"depreciationAndAmortization": 299000000,
					"ebitda": 1700000000,
					"ebitdaratio": 0.3597122302158273,
					"operatingIncome": 1398000000,
					"operatingIncomeRatio": 0.2958104104951333,
					"totalOtherIncomeExpensesNet": -50000000,
					"incomeBeforeTax": 1348000000,
					"incomeBeforeTaxRatio": 0.28523063901819723,
					"incomeTaxExpense": 12000000,
					"netIncome": 1336000000,
					"netIncomeRatio": 0.28269149386373255,
					"eps": 0.54,
					"epsdiluted": 0.53,
					"weightedAverageShsOut": 2472000000,
					"weightedAverageShsOutDil": 2520000000,
					"link": "https://www.sec.gov/Archives/edgar/data/1045810/000104581020000189/0001045810-20-000189-index.htm",
					"finalLink": "https://www.sec.gov/Archives/edgar/data/1045810/000104581020000189/nvda-20201025.htm"
				},
				{
					"date": "2021-01-31",
					"symbol": "NVDA",
					"reportedCurrency": "USD",
					"cik": "0001045810",
					"fillingDate": "2021-02-26",
					"acceptedDate": "2021-02-26 17:03:14",
					"calendarYear": "2021",
					"period": "Q4",
					"revenue": 5003000000,
					"costOfRevenue": 1847000000,
					"grossProfit": 3156000000,
					"grossProfitRatio": 0.6308215070957426,
					"researchAndDevelopmentExpenses": 1146000000,
					"generalAndAdministrativeExpenses": 0,
					"sellingAndMarketingExpenses": 0,
					"sellingGeneralAndAdministrativeExpenses": 503000000,
					"otherExpenses": 0,
					"operatingExpenses": 1649000000,
					"costAndExpenses": 3496000000,
					"interestIncome": 7000000,
					"interestExpense": 53000000,
					"depreciationAndAmortization": 288000000,
					"ebitda": 1811000000,
					"ebitdaratio": 0.3619828103138117,
					"operatingIncome": 1507000000,
					"operatingIncomeRatio": 0.30121926843893665,
					"totalOtherIncomeExpensesNet": -37000000,
					"incomeBeforeTax": 1470000000,
					"incomeBeforeTaxRatio": 0.2938237057765341,
					"incomeTaxExpense": 13000000,
					"netIncome": 1457000000,
					"netIncomeRatio": 0.29122526484109534,
					"eps": 0.5875,
					"epsdiluted": 0.5775,
					"weightedAverageShsOut": 2476000000,
					"weightedAverageShsOutDil": 2524000000,
					"link": "https://www.sec.gov/Archives/edgar/data/1045810/000104581021000010/0001045810-21-000010-index.htm",
					"finalLink": "https://www.sec.gov/Archives/edgar/data/1045810/000104581021000010/nvda-20210131.htm"
				},
				{
					"date": "2021-05-02",
					"symbol": "NVDA",
					"reportedCurrency": "USD",
					"cik": "0001045810",
					"fillingDate": "2021-05-26",
					"acceptedDate": "2021-05-26 16:35:56",
					"calendarYear": "2022",
					"period": "Q1",
					"revenue": 5661000000,
					"costOfRevenue": 2032000000,
					"grossProfit": 3629000000,
					"grossProfitRatio": 0.6410528175234057,
					"researchAndDevelopmentExpenses": 1153000000,
					"generalAndAdministrativeExpenses": 0,
					"sellingAndMarketingExpenses": 0,
					"sellingGeneralAndAdministrativeExpenses": 520000000,
					"otherExpenses": 0,
					"operatingExpenses": 1673000000,
					"costAndExpenses": 3705000000,
					"interestIncome": 6000000,
					"interestExpense": 53000000,
					"depreciationAndAmortization": 281000000,
					"ebitda": 2378000000,
					"ebitdaratio": 0.42006712594947887,
					"operatingIncome": 1956000000,
					"operatingIncomeRatio": 0.3455219925808161,
					"totalOtherIncomeExpensesNet": 88000000,
					"incomeBeforeTax": 2044000000,
					"incomeBeforeTaxRatio": 0.3610669493022434,
					"incomeTaxExpense": 132000000,
					"netIncome": 1912000000,
					"netIncomeRatio": 0.33774951422010246,
					"eps": 0.77,
					"epsdiluted": 0.7575,
					"weightedAverageShsOut": 2484000000,
					"weightedAverageShsOutDil": 2528000000,
					"link": "https://www.sec.gov/Archives/edgar/data/1045810/000104581021000064/0001045810-21-000064-index.htm",
					"finalLink": "https://www.sec.gov/Archives/edgar/data/1045810/000104581021000064/nvda-20210502.htm"
				},
				{
					"date": "2021-08-01",
					"symbol": "NVDA",
					"reportedCurrency": "USD",
					"cik": "0001045810",
					"fillingDate": "2021-08-20",
					"acceptedDate": "2021-08-20 16:32:40",
					"calendarYear": "2022",
					"period": "Q2",
					"revenue": 6507000000,
					"costOfRevenue": 2292000000,
					"grossProfit": 4215000000,
					"grossProfitRatio": 0.6477639465191333,
					"researchAndDevelopmentExpenses": 1245000000,
					"generalAndAdministrativeExpenses": 0,
					"sellingAndMarketingExpenses": 0,
					"sellingGeneralAndAdministrativeExpenses": 526000000,
					"otherExpenses": 0,
					"operatingExpenses": 1771000000,
					"costAndExpenses": 4063000000,
					"interestIncome": 6000000,
					"interestExpense": 60000000,
					"depreciationAndAmortization": 286000000,
					"ebitda": 2740000000,
					"ebitdaratio": 0.4210849854003381,
					"operatingIncome": 2444000000,
					"operatingIncomeRatio": 0.3755955125249731,
					"totalOtherIncomeExpensesNet": -50000000,
					"incomeBeforeTax": 2394000000,
					"incomeBeforeTaxRatio": 0.367911479944675,
					"incomeTaxExpense": 20000000,
					"netIncome": 2374000000,
					"netIncomeRatio": 0.3648378669125557,
					"eps": 0.95,
					"epsdiluted": 0.94,
					"weightedAverageShsOut": 2493000000,
					"weightedAverageShsOutDil": 2532000000,
					"link": "https://www.sec.gov/Archives/edgar/data/1045810/000104581021000131/0001045810-21-000131-index.htm",
					"finalLink": "https://www.sec.gov/Archives/edgar/data/1045810/000104581021000131/nvda-20210801.htm"
				},
				{
					"date": "2021-10-31",
					"symbol": "NVDA",
					"reportedCurrency": "USD",
					"cik": "0001045810",
					"fillingDate": "2021-11-22",
					"acceptedDate": "2021-11-19 21:16:20",
					"calendarYear": "2022",
					"period": "Q3",
					"revenue": 7103000000,
					"costOfRevenue": 2472000000,
					"grossProfit": 4631000000,
					"grossProfitRatio": 0.6519780374489652,
					"researchAndDevelopmentExpenses": 1403000000,
					"generalAndAdministrativeExpenses": 0,
					"sellingAndMarketingExpenses": 0,
					"sellingGeneralAndAdministrativeExpenses": 557000000,
					"otherExpenses": 0,
					"operatingExpenses": 1960000000,
					"costAndExpenses": 4432000000,
					"interestIncome": 7000000,
					"interestExpense": 62000000,
					"depreciationAndAmortization": 298000000,
					"ebitda": 2998000000,
					"ebitdaratio": 0.42207517950161905,
					"operatingIncome": 2671000000,
					"operatingIncomeRatio": 0.3760382936787273,
					"totalOtherIncomeExpensesNet": -33000000,
					"incomeBeforeTax": 2638000000,
					"incomeBeforeTaxRatio": 0.37139236942137127,
					"incomeTaxExpense": 174000000,
					"netIncome": 2464000000,
					"netIncomeRatio": 0.3468956778825848,
					"eps": 0.99,
					"epsdiluted": 0.97,
					"weightedAverageShsOut": 2499000000,
					"weightedAverageShsOutDil": 2538000000,
					"link": "https://www.sec.gov/Archives/edgar/data/1045810/000104581021000163/0001045810-21-000163-index.htm",
					"finalLink": "https://www.sec.gov/Archives/edgar/data/1045810/000104581021000163/nvda-20211031.htm"
				},
				{
					"date": "2022-01-30",
					"symbol": "NVDA",
					"reportedCurrency": "USD",
					"cik": "0001045810",
					"fillingDate": "2022-03-18",
					"acceptedDate": "2022-02-15 19:00:00",
					"calendarYear": "2022",
					"period": "Q4",
					"revenue": 7643000000,
					"costOfRevenue": 2644000000,
					"grossProfit": 4999000000,
					"grossProfitRatio": 0.6540625408870863,
					"researchAndDevelopmentExpenses": 1466000000,
					"generalAndAdministrativeExpenses": 0,
					"sellingAndMarketingExpenses": 0,
					"sellingGeneralAndAdministrativeExpenses": 563000000,
					"otherExpenses": 0,
					"operatingExpenses": 2029000000,
					"costAndExpenses": 4673000000,
					"interestIncome": 9000000,
					"interestExpense": 61000000,
					"depreciationAndAmortization": 309000000,
					"ebitda": 3235000000,
					"ebitdaratio": 0.42326311657726023,
					"operatingIncome": 2970000000,
					"operatingIncomeRatio": 0.3885908674604213,
					"totalOtherIncomeExpensesNet": -105000000,
					"incomeBeforeTax": 2865000000,
					"incomeBeforeTaxRatio": 0.37485280648959834,
					"incomeTaxExpense": -138000000,
					"netIncome": 3003000000,
					"netIncomeRatio": 0.3929085437655371,
					"eps": 1.2,
					"epsdiluted": 1.18,
					"weightedAverageShsOut": 2504000000,
					"weightedAverageShsOutDil": 2545000000,
					"link": "https://www.sec.gov/Archives/edgar/data/1045810/000104581022000036/0001045810-22-000036-index.htm",
					"finalLink": "https://www.sec.gov/Archives/edgar/data/1045810/000104581022000036/nvda-20220130.htm"
				},
				{
					"date": "2022-05-01",
					"symbol": "NVDA",
					"reportedCurrency": "USD",
					"cik": "0001045810",
					"fillingDate": "2022-05-27",
					"acceptedDate": "2022-05-27 16:21:55",
					"calendarYear": "2023",
					"period": "Q1",
					"revenue": 8288000000,
					"costOfRevenue": 2857000000,
					"grossProfit": 5431000000,
					"grossProfitRatio": 0.655284749034749,
					"researchAndDevelopmentExpenses": 1618000000,
					"generalAndAdministrativeExpenses": 0,
					"sellingAndMarketingExpenses": 0,
					"sellingGeneralAndAdministrativeExpenses": 592000000,
					"otherExpenses": 0,
					"operatingExpenses": 2210000000,
					"costAndExpenses": 5067000000,
					"interestIncome": 18000000,
					"interestExpense": 68000000,
					"depreciationAndAmortization": 334000000,
					"ebitda": 2207000000,
					"ebitdaratio": 0.26628861003861004,
					"operatingIncome": 1868000000,
					"operatingIncomeRatio": 0.22538610038610038,
					"totalOtherIncomeExpensesNet": -63000000,
					"incomeBeforeTax": 1805000000,
					"incomeBeforeTaxRatio": 0.21778474903474904,
					"incomeTaxExpense": 187000000,
					"netIncome": 1618000000,
					"netIncomeRatio": 0.19522200772200773,
					"eps": 0.65,
					"epsdiluted": 0.64,
					"weightedAverageShsOut": 2506000000,
					"weightedAverageShsOutDil": 2537000000,
					"link": "https://www.sec.gov/Archives/edgar/data/1045810/000104581022000079/0001045810-22-000079-index.htm",
					"finalLink": "https://www.sec.gov/Archives/edgar/data/1045810/000104581022000079/nvda-20220501.htm"
				},
				{
					"date": "2022-07-31",
					"symbol": "NVDA",
					"reportedCurrency": "USD",
					"cik": "0001045810",
					"fillingDate": "2022-08-31",
					"acceptedDate": "2022-08-31 17:01:35",
					"calendarYear": "2023",
					"period": "Q2",
					"revenue": 6704000000,
					"costOfRevenue": 3789000000,
					"grossProfit": 2915000000,
					"grossProfitRatio": 0.4348150357995227,
					"researchAndDevelopmentExpenses": 1824000000,
					"generalAndAdministrativeExpenses": 0,
					"sellingAndMarketingExpenses": 0,
					"sellingGeneralAndAdministrativeExpenses": 592000000,
					"otherExpenses": 0,
					"operatingExpenses": 2416000000,
					"costAndExpenses": 6205000000,
					"interestIncome": 46000000,
					"interestExpense": 65000000,
					"depreciationAndAmortization": 378000000,
					"ebitda": 918000000,
					"ebitdaratio": 0.13693317422434367,
					"operatingIncome": 499000000,
					"operatingIncomeRatio": 0.07443317422434367,
					"totalOtherIncomeExpensesNet": -24000000,
					"incomeBeforeTax": 475000000,
					"incomeBeforeTaxRatio": 0.07085322195704058,
					"incomeTaxExpense": -181000000,
					"netIncome": 656000000,
					"netIncomeRatio": 0.09785202863961814,
					"eps": 0.26,
					"epsdiluted": 0.26,
					"weightedAverageShsOut": 2495000000,
					"weightedAverageShsOutDil": 2516000000,
					"link": "https://www.sec.gov/Archives/edgar/data/1045810/000104581022000147/0001045810-22-000147-index.htm",
					"finalLink": "https://www.sec.gov/Archives/edgar/data/1045810/000104581022000147/nvda-20220731.htm"
				},
				{
					"date": "2022-10-30",
					"symbol": "NVDA",
					"reportedCurrency": "USD",
					"cik": "0001045810",
					"fillingDate": "2022-11-18",
					"acceptedDate": "2022-11-18 16:35:31",
					"calendarYear": "2023",
					"period": "Q3",
					"revenue": 5931000000,
					"costOfRevenue": 2754000000,
					"grossProfit": 3177000000,
					"grossProfitRatio": 0.5356600910470409,
					"researchAndDevelopmentExpenses": 1945000000,
					"generalAndAdministrativeExpenses": 0,
					"sellingAndMarketingExpenses": 0,
					"sellingGeneralAndAdministrativeExpenses": 631000000,
					"otherExpenses": 0,
					"operatingExpenses": 2576000000,
					"costAndExpenses": 5330000000,
					"interestIncome": 88000000,
					"interestExpense": 65000000,
					"depreciationAndAmortization": 406000000,
					"ebitda": 1084000000,
					"ebitdaratio": 0.18276850446804924,
					"operatingIncome": 601000000,
					"operatingIncomeRatio": 0.10133198448828191,
					"totalOtherIncomeExpensesNet": 12000000,
					"incomeBeforeTax": 613000000,
					"incomeBeforeTaxRatio": 0.10335525206541898,
					"incomeTaxExpense": -67000000,
					"netIncome": 680000000,
					"netIncomeRatio": 0.114651829371101,
					"eps": 0.27,
					"epsdiluted": 0.27,
					"weightedAverageShsOut": 2483000000,
					"weightedAverageShsOutDil": 2499000000,
					"link": "https://www.sec.gov/Archives/edgar/data/1045810/000104581022000166/0001045810-22-000166-index.htm",
					"finalLink": "https://www.sec.gov/Archives/edgar/data/1045810/000104581022000166/nvda-20221030.htm"
				}
			],
			"trailing": [
				{
					"revenue": 374400000,
					"costOfRevenue": 225800000,
					"grossProfit": 148600000,
					"grossProfitRatio": 0.3950978273732508,
					"researchAndDevelopmentExpenses": 47400000,
					"sellingGeneralAndAdministrativeExpenses": 37100000,
					"otherExpenses": 9700000,
					"operatingIncome": 54400000,
					"operatingIncomeRatio": 0.1415548269345855,
					"totalOtherIncomeExpensesNet": 1900000,
					"incomeBeforeTax": 56300000,
					"incomeBeforeTaxRatio": 0.1465764042430734,
					"incomeTaxExpense": 18100000,
					"netIncome": 38200000,
					"netIncomeRatio": 0.09940383647203282,
					"weightedAverageShsOut": 1482044607.75,
					"eps": 0.025193310696848645,
					"weightedAverageShsOutDil": 1695954854.5,
					"epsdiluted": 0.022274310696848647,
					"interestIncome": 0,
					"interestExpense": 0,
					"ebit": 0,
					"ebitPercentage": 0,
					"depreciationAndAmortization": 9700000,
					"ebitda": 66000000,
					"ebitdaPercentage": 0,
					"date": "2000-01-30"
				},
				{
					"revenue": 451883000,
					"costOfRevenue": 271474000,
					"grossProfit": 180409000,
					"grossProfitRatio": 0.3994112770184086,
					"researchAndDevelopmentExpenses": 56430000,
					"sellingGeneralAndAdministrativeExpenses": 41914000,
					"otherExpenses": 11101000,
					"operatingIncome": 70964000,
					"operatingIncomeRatio": 0.15290665048948004,
					"totalOtherIncomeExpensesNet": 2828000,
					"incomeBeforeTax": 73792000,
					"incomeBeforeTaxRatio": 0.1587557232963382,
					"incomeTaxExpense": 23605000,
					"netIncome": 50187000,
					"netIncomeRatio": 0.10801045791577377,
					"weightedAverageShsOut": 1518749338.75,
					"eps": 0.03269031069684864,
					"weightedAverageShsOutDil": 1742846735,
					"epsdiluted": 0.028314310696848644,
					"interestIncome": 0,
					"interestExpense": 0,
					"ebit": 0,
					"ebitPercentage": 0,
					"depreciationAndAmortization": 11101000,
					"ebitda": 84893000,
					"ebitdaPercentage": 0,
					"date": "2000-04-30"
				},
				{
					"revenue": 544281000,
					"costOfRevenue": 327562000,
					"grossProfit": 216719000,
					"grossProfitRatio": 0.39915399098429427,
					"researchAndDevelopmentExpenses": 65771000,
					"sellingGeneralAndAdministrativeExpenses": 48417000,
					"otherExpenses": 12044000,
					"operatingIncome": 90487000,
					"operatingIncomeRatio": 0.16503912480827698,
					"totalOtherIncomeExpensesNet": 6626000,
					"incomeBeforeTax": 97113000,
					"incomeBeforeTaxRatio": 0.17593905366526932,
					"incomeTaxExpense": 31104000,
					"netIncome": 66009000,
					"netIncomeRatio": 0.11957932714831862,
					"weightedAverageShsOut": 1959320755,
					"eps": 0.03497931069684865,
					"weightedAverageShsOutDil": 2294891634.5,
					"epsdiluted": 0.02997831069684865,
					"interestIncome": 0,
					"interestExpense": 0,
					"ebit": 0,
					"ebitPercentage": 0,
					"depreciationAndAmortization": 12044000,
					"ebitda": 109157000,
					"ebitdaPercentage": 0,
					"date": "2000-07-30"
				},
				{
					"revenue": 645446000,
					"costOfRevenue": 390225000,
					"grossProfit": 255221000,
					"grossProfitRatio": 0.39588681099968803,
					"researchAndDevelopmentExpenses": 75394000,
					"sellingGeneralAndAdministrativeExpenses": 53969000,
					"otherExpenses": 13824000,
					"operatingIncome": 112034000,
					"operatingIncomeRatio": 0.17235453623388008,
					"totalOtherIncomeExpensesNet": 10756000,
					"incomeBeforeTax": 122790000,
					"incomeBeforeTaxRatio": 0.18780689731633488,
					"incomeTaxExpense": 39313000,
					"netIncome": 83477000,
					"netIncomeRatio": 0.12766962522076214,
					"weightedAverageShsOut": 2001984090,
					"eps": 0.04540131069684865,
					"weightedAverageShsOutDil": 2353480816,
					"epsdiluted": 0.03831631069684865,
					"interestIncome": 0,
					"interestExpense": 0,
					"ebit": 0,
					"ebitPercentage": 0,
					"depreciationAndAmortization": 13824000,
					"ebitda": 136614000,
					"ebitdaPercentage": 0,
					"date": "2000-10-29"
				},
				{
					"revenue": 735264000,
					"costOfRevenue": 444262000,
					"grossProfit": 291002000,
					"grossProfitRatio": 0.3955269826260553,
					"researchAndDevelopmentExpenses": 86438000,
					"sellingGeneralAndAdministrativeExpenses": 58437000,
					"otherExpenses": 15836000,
					"operatingIncome": 130291000,
					"operatingIncomeRatio": 0.17660148608873527,
					"totalOtherIncomeExpensesNet": 16673000,
					"incomeBeforeTax": 146964000,
					"incomeBeforeTaxRatio": 0.1982716408525437,
					"incomeTaxExpense": 47027000,
					"netIncome": 99937000,
					"netIncomeRatio": 0.1348265163161768,
					"weightedAverageShsOut": 2036684090,
					"eps": 0.05332201792705543,
					"weightedAverageShsOutDil": 2388180816,
					"epsdiluted": 0.04623701792705543,
					"interestIncome": 0,
					"interestExpense": 0,
					"ebit": 0,
					"ebitPercentage": 0,
					"depreciationAndAmortization": 15836000,
					"ebitda": 162800000,
					"ebitdaPercentage": 0,
					"date": "2001-01-28"
				},
				{
					"revenue": 827713000,
					"costOfRevenue": 497488000,
					"grossProfit": 330225000,
					"grossProfitRatio": 0.39836145596448497,
					"researchAndDevelopmentExpenses": 99814000,
					"sellingGeneralAndAdministrativeExpenses": 65096000,
					"otherExpenses": 13382000,
					"operatingIncome": 136165000,
					"operatingIncomeRatio": 0.16618075921637143,
					"totalOtherIncomeExpensesNet": 20860000,
					"incomeBeforeTax": 157025000,
					"incomeBeforeTaxRatio": 0.1913375368012092,
					"incomeTaxExpense": 49508000,
					"netIncome": 107517000,
					"netIncomeRatio": 0.13087735710302723,
					"weightedAverageShsOut": 2072456090,
					"eps": 0.05665601792705543,
					"weightedAverageShsOutDil": 2418648816,
					"epsdiluted": 0.04936201792705543,
					"interestIncome": 0,
					"interestExpense": 0,
					"ebit": 0,
					"ebitPercentage": 0,
					"depreciationAndAmortization": 18934000,
					"ebitda": 175959000,
					"ebitdaPercentage": 0,
					"date": "2001-04-29"
				},
				{
					"revenue": 917574000,
					"costOfRevenue": 550771000,
					"grossProfit": 366803000,
					"grossProfitRatio": 0.3995015755782849,
					"researchAndDevelopmentExpenses": 113472000,
					"sellingGeneralAndAdministrativeExpenses": 70295000,
					"otherExpenses": 14059000,
					"operatingIncome": 152445000,
					"operatingIncomeRatio": 0.1671167940188138,
					"totalOtherIncomeExpensesNet": 19425000,
					"incomeBeforeTax": 171870000,
					"incomeBeforeTaxRatio": 0.18881920582489498,
					"incomeTaxExpense": 53299000,
					"netIncome": 118571000,
					"netIncomeRatio": 0.1300866158418198,
					"weightedAverageShsOut": 1722680090,
					"eps": 0.06894701792705543,
					"weightedAverageShsOutDil": 1975710816,
					"epsdiluted": 0.05977901792705543,
					"interestIncome": 0,
					"interestExpense": 0,
					"ebit": 0,
					"ebitPercentage": 0,
					"depreciationAndAmortization": 26213000,
					"ebitda": 198083000,
					"ebitdaPercentage": 0,
					"date": "2001-07-29"
				},
				{
					"revenue": 1089650000,
					"costOfRevenue": 662206000,
					"grossProfit": 427444000,
					"grossProfitRatio": 0.39477156554648024,
					"researchAndDevelopmentExpenses": 135836000,
					"sellingGeneralAndAdministrativeExpenses": 80229000,
					"otherExpenses": 16929000,
					"operatingIncome": 177918000,
					"operatingIncomeRatio": 0.16282950843612432,
					"totalOtherIncomeExpensesNet": 16477000,
					"incomeBeforeTax": 194395000,
					"incomeBeforeTaxRatio": 0.17982657493925663,
					"incomeTaxExpense": 59231000,
					"netIncome": 135164000,
					"netIncomeRatio": 0.1248334388788726,
					"weightedAverageShsOut": 1758695082,
					"eps": 0.07686701792705543,
					"weightedAverageShsOutDil": 2003563889,
					"epsdiluted": 0.06686601792705543,
					"interestIncome": 0,
					"interestExpense": 0,
					"ebit": 0,
					"ebitPercentage": 0,
					"depreciationAndAmortization": 33750000,
					"ebitda": 228145000,
					"ebitdaPercentage": 0,
					"date": "2001-10-28"
				},
				{
					"revenue": 1369471000,
					"costOfRevenue": 844038000,
					"grossProfit": 525433000,
					"grossProfitRatio": 0.3877140460725088,
					"researchAndDevelopmentExpenses": 153920000,
					"sellingGeneralAndAdministrativeExpenses": 97185000,
					"otherExpenses": 16371000,
					"operatingIncome": 241732000,
					"operatingIncomeRatio": 0.16972214054509574,
					"totalOtherIncomeExpensesNet": 11017000,
					"incomeBeforeTax": 252749000,
					"incomeBeforeTaxRatio": 0.1797192628285378,
					"incomeTaxExpense": 75825000,
					"netIncome": 176924000,
					"netIncomeRatio": 0.1258031187930886,
					"weightedAverageShsOut": 1805095082,
					"eps": 0.09658043671243183,
					"weightedAverageShsOutDil": 2049963889,
					"epsdiluted": 0.08657943671243182,
					"interestIncome": 0,
					"interestExpense": 0,
					"ebit": 0,
					"ebitPercentage": 0,
					"depreciationAndAmortization": 43497000,
					"ebitda": 296246000,
					"ebitdaPercentage": 0,
					"date": "2002-01-27"
				},
				{
					"revenue": 1711444000,
					"costOfRevenue": 1076678000,
					"grossProfit": 634766000,
					"grossProfitRatio": 0.3750501673688399,
					"researchAndDevelopmentExpenses": 175206000,
					"sellingGeneralAndAdministrativeExpenses": 115894000,
					"otherExpenses": 0,
					"operatingIncome": 327485000,
					"operatingIncomeRatio": 0.18736252369324793,
					"totalOtherIncomeExpensesNet": 7233000,
					"incomeBeforeTax": 334718000,
					"incomeBeforeTaxRatio": 0.19237947923130938,
					"incomeTaxExpense": 100416000,
					"netIncome": 234302000,
					"netIncomeRatio": 0.13466520248420477,
					"weightedAverageShsOut": 1841215082,
					"eps": 0.12699643671243183,
					"weightedAverageShsOutDil": 2100522889,
					"epsdiluted": 0.11282943671243183,
					"interestIncome": 0,
					"interestExpense": 0,
					"ebit": 0,
					"ebitPercentage": 0,
					"depreciationAndAmortization": 50128000,
					"ebitda": 384846000,
					"ebitdaPercentage": 0,
					"date": "2002-04-28"
				},
				{
					"revenue": 1878470000,
					"costOfRevenue": 1248090000,
					"grossProfit": 630380000,
					"grossProfitRatio": 0.33354995026773726,
					"researchAndDevelopmentExpenses": 198636000,
					"sellingGeneralAndAdministrativeExpenses": 132000000,
					"otherExpenses": 0,
					"operatingIncome": 288347000,
					"operatingIncomeRatio": 0.1474523738668167,
					"totalOtherIncomeExpensesNet": 5910000,
					"incomeBeforeTax": 294257000,
					"incomeBeforeTaxRatio": 0.1506953207054292,
					"incomeTaxExpense": 88277000,
					"netIncome": 205980000,
					"netIncomeRatio": 0.10548677617719214,
					"weightedAverageShsOut": 1872475082,
					"eps": 0.10991343671243184,
					"weightedAverageShsOutDil": 2095926889,
					"epsdiluted": 0.09907943671243183,
					"interestIncome": 0,
					"interestExpense": 0,
					"ebit": 0,
					"ebitPercentage": 0,
					"depreciationAndAmortization": 53575000,
					"ebitda": 347832000,
					"ebitdaPercentage": 0,
					"date": "2002-07-28"
				},
				{
					"revenue": 1938533000,
					"costOfRevenue": 1338498000,
					"grossProfit": 600035000,
					"grossProfitRatio": 0.30286212095664705,
					"researchAndDevelopmentExpenses": 212028000,
					"sellingGeneralAndAdministrativeExpenses": 145907000,
					"otherExpenses": 0,
					"operatingIncome": 176121000,
					"operatingIncomeRatio": 0.07639590757085295,
					"totalOtherIncomeExpensesNet": 5698000,
					"incomeBeforeTax": 181819000,
					"incomeBeforeTaxRatio": 0.0793571550642983,
					"incomeTaxExpense": 0,
					"netIncome": 112683000,
					"netIncomeRatio": 0.047073300130136456,
					"weightedAverageShsOut": 1900634003,
					"eps": 0.05738743671243182,
					"weightedAverageShsOutDil": 2045699003,
					"epsdiluted": 0.050721436712431824,
					"interestIncome": 0,
					"interestExpense": 0,
					"ebit": 0,
					"ebitPercentage": 0,
					"depreciationAndAmortization": 57824000,
					"ebitda": 239643000,
					"ebitdaPercentage": 0,
					"date": "2002-10-27"
				},
				{
					"revenue": 1909447000,
					"costOfRevenue": 1333435000,
					"grossProfit": 576012000,
					"grossProfitRatio": 0.2958266624123785,
					"researchAndDevelopmentExpenses": 224873000,
					"sellingGeneralAndAdministrativeExpenses": 207153000,
					"otherExpenses": 0,
					"operatingIncome": 143986000,
					"operatingIncomeRatio": 0.06246741916306775,
					"totalOtherIncomeExpensesNet": 6571000,
					"incomeBeforeTax": 150557000,
					"incomeBeforeTaxRatio": 0.06593008684872496,
					"incomeTaxExpense": 0,
					"netIncome": 90799000,
					"netIncomeRatio": 0.037674044971253706,
					"weightedAverageShsOut": 1871534003,
					"eps": 0.0469713446080382,
					"weightedAverageShsOutDil": 2016599003,
					"epsdiluted": 0.0403053446080382,
					"interestIncome": 0,
					"interestExpense": 0,
					"ebit": 0,
					"ebitPercentage": 0,
					"depreciationAndAmortization": 58216000,
					"ebitda": 208773000,
					"ebitdaPercentage": 0,
					"date": "2003-01-26"
				},
				{
					"revenue": 1731525000,
					"costOfRevenue": 1236110000,
					"grossProfit": 495415000,
					"grossProfitRatio": 0.2851080956122484,
					"researchAndDevelopmentExpenses": 231691000,
					"sellingGeneralAndAdministrativeExpenses": 210581000,
					"otherExpenses": 0,
					"operatingIncome": 53143000,
					"operatingIncomeRatio": 0.028470678741547302,
					"totalOtherIncomeExpensesNet": 6702000,
					"incomeBeforeTax": 59845000,
					"incomeBeforeTaxRatio": 0.03234037511272906,
					"incomeTaxExpense": 0,
					"netIncome": 27301000,
					"netIncomeRatio": 0.014161418310598046,
					"weightedAverageShsOut": 1895348003,
					"eps": 0.011138344608038206,
					"weightedAverageShsOutDil": 1972679003,
					"epsdiluted": 0.011138344608038206,
					"interestIncome": 0,
					"interestExpense": 0,
					"ebit": 0,
					"ebitPercentage": 0,
					"depreciationAndAmortization": 61344000,
					"ebitda": 121189000,
					"ebitdaPercentage": 0,
					"date": "2003-04-30"
				},
				{
					"revenue": 1764014000,
					"costOfRevenue": 1237927000,
					"grossProfit": 526087000,
					"grossProfitRatio": 0.2976802957308499,
					"researchAndDevelopmentExpenses": 240082000,
					"sellingGeneralAndAdministrativeExpenses": 214395000,
					"otherExpenses": 0,
					"operatingIncome": 71610000,
					"operatingIncomeRatio": 0.03825713832263515,
					"totalOtherIncomeExpensesNet": 7391000,
					"incomeBeforeTax": 79001000,
					"incomeBeforeTaxRatio": 0.04244607408780762,
					"incomeTaxExpense": 0,
					"netIncome": 46197000,
					"netIncomeRatio": 0.024218809211148756,
					"weightedAverageShsOut": 1918691003,
					"eps": 0.021138344608038203,
					"weightedAverageShsOutDil": 1990022003,
					"epsdiluted": 0.020305344608038203,
					"interestIncome": 0,
					"interestExpense": 0,
					"ebit": 0,
					"ebitPercentage": 0,
					"depreciationAndAmortization": 66885000,
					"ebitda": 145886000,
					"ebitdaPercentage": 0,
					"date": "2003-07-31"
				},
				{
					"revenue": 1819779000,
					"costOfRevenue": 1267759000,
					"grossProfit": 552020000,
					"grossProfitRatio": 0.3038065567487622,
					"researchAndDevelopmentExpenses": 255355000,
					"sellingGeneralAndAdministrativeExpenses": 217920000,
					"otherExpenses": 0,
					"operatingIncome": 137077000,
					"operatingIncomeRatio": 0.07526858027968666,
					"totalOtherIncomeExpensesNet": -3887000,
					"incomeBeforeTax": 133190000,
					"incomeBeforeTaxRatio": 0.07355891738571242,
					"incomeTaxExpense": 32001000,
					"netIncome": 101189000,
					"netIncomeRatio": 0.0557446597158493,
					"weightedAverageShsOut": 1943200748,
					"eps": 0.051153344608038206,
					"weightedAverageShsOutDil": 2049215406,
					"epsdiluted": 0.050320344608038206,
					"interestIncome": 0,
					"interestExpense": 0,
					"ebit": 0,
					"ebitPercentage": 0,
					"depreciationAndAmortization": 73561000,
					"ebitda": 206751000,
					"ebitdaPercentage": 0,
					"date": "2003-10-31"
				},
				{
					"revenue": 1822945000,
					"costOfRevenue": 1294067000,
					"grossProfit": 528878000,
					"grossProfitRatio": 0.29097542338150595,
					"researchAndDevelopmentExpenses": 269972000,
					"sellingGeneralAndAdministrativeExpenses": 165249000,
					"otherExpenses": 0,
					"operatingIncome": 90157000,
					"operatingIncomeRatio": 0.050170271610189665,
					"totalOtherIncomeExpensesNet": -3484000,
					"incomeBeforeTax": 86673000,
					"incomeBeforeTaxRatio": 0.048666751153023054,
					"incomeTaxExpense": 12254000,
					"netIncome": 74419000,
					"netIncomeRatio": 0.041387114471605216,
					"weightedAverageShsOut": 1925104496,
					"eps": 0.03830445978217696,
					"weightedAverageShsOutDil": 2031119154,
					"epsdiluted": 0.03747145978217696,
					"interestIncome": 0,
					"interestExpense": 0,
					"ebit": 0,
					"ebitPercentage": 0,
					"depreciationAndAmortization": 82688000,
					"ebitda": 169361000,
					"ebitdaPercentage": 0,
					"date": "2004-01-31"
				},
				{
					"revenue": 1889867000,
					"costOfRevenue": 1338721000,
					"grossProfit": 551146000,
					"grossProfitRatio": 0.29169224576781305,
					"researchAndDevelopmentExpenses": 288412000,
					"sellingGeneralAndAdministrativeExpenses": 171545000,
					"otherExpenses": 0,
					"operatingIncome": 87689000,
					"operatingIncomeRatio": 0.04655624269256054,
					"totalOtherIncomeExpensesNet": -2539000,
					"incomeBeforeTax": 85150000,
					"incomeBeforeTaxRatio": 0.04539034904808432,
					"incomeTaxExpense": 9129000,
					"netIncome": 76021000,
					"netIncomeRatio": 0.04050710604886806,
					"weightedAverageShsOut": 1944751496,
					"eps": 0.03913745978217696,
					"weightedAverageShsOutDil": 2062781154,
					"epsdiluted": 0.03747145978217696,
					"interestIncome": 0,
					"interestExpense": 0,
					"ebit": 0,
					"ebitPercentage": 0,
					"depreciationAndAmortization": 90142000,
					"ebitda": 175292000,
					"ebitdaPercentage": 0,
					"date": "2004-04-25"
				},
				{
					"revenue": 1886154000,
					"costOfRevenue": 1324889000,
					"grossProfit": 561265000,
					"grossProfitRatio": 0.2978145802309991,
					"researchAndDevelopmentExpenses": 308212000,
					"sellingGeneralAndAdministrativeExpenses": 182697000,
					"otherExpenses": 0,
					"operatingIncome": 66856000,
					"operatingIncomeRatio": 0.03524521237475172,
					"totalOtherIncomeExpensesNet": -1968000,
					"incomeBeforeTax": 64888000,
					"incomeBeforeTaxRatio": 0.034401307241141696,
					"incomeTaxExpense": 7898000,
					"netIncome": 56990000,
					"netIncomeRatio": 0.030181748431280016,
					"weightedAverageShsOut": 1963276496,
					"eps": 0.029137459782176963,
					"weightedAverageShsOutDil": 2071385154,
					"epsdiluted": 0.028304459782176963,
					"interestIncome": 0,
					"interestExpense": 0,
					"ebit": 0,
					"ebitPercentage": 0,
					"depreciationAndAmortization": 94606000,
					"ebitda": 159494000,
					"ebitdaPercentage": 0,
					"date": "2004-07-25"
				},
				{
					"revenue": 1915676000,
					"costOfRevenue": 1321800000,
					"grossProfit": 593876000,
					"grossProfitRatio": 0.30967688404447935,
					"researchAndDevelopmentExpenses": 323040000,
					"sellingGeneralAndAdministrativeExpenses": 190583000,
					"otherExpenses": 0,
					"operatingIncome": 80253000,
					"operatingIncomeRatio": 0.04128877729640974,
					"totalOtherIncomeExpensesNet": 11431000,
					"incomeBeforeTax": 91684000,
					"incomeBeforeTaxRatio": 0.047230629173926605,
					"incomeTaxExpense": 15171000,
					"netIncome": 76513000,
					"netIncomeRatio": 0.039460886596778405,
					"weightedAverageShsOut": 1976889690,
					"eps": 0.03914245978217696,
					"weightedAverageShsOutDil": 2070545574,
					"epsdiluted": 0.03747545978217696,
					"interestIncome": 0,
					"interestExpense": 0,
					"ebit": 0,
					"ebitPercentage": 0,
					"depreciationAndAmortization": 95790000,
					"ebitda": 187474000,
					"ebitdaPercentage": 0,
					"date": "2004-10-24"
				},
				{
					"revenue": 2010033000,
					"costOfRevenue": 1360547000,
					"grossProfit": 649486000,
					"grossProfitRatio": 0.3220289318766512,
					"researchAndDevelopmentExpenses": 335104000,
					"sellingGeneralAndAdministrativeExpenses": 200789000,
					"otherExpenses": 0,
					"operatingIncome": 113593000,
					"operatingIncomeRatio": 0.053901919653686264,
					"totalOtherIncomeExpensesNet": 11852000,
					"incomeBeforeTax": 125445000,
					"incomeBeforeTaxRatio": 0.05981497253732054,
					"incomeTaxExpense": 25089000,
					"netIncome": 100356000,
					"netIncomeRatio": 0.047851894883685235,
					"weightedAverageShsOut": 2024785942,
					"eps": 0.04921244402704734,
					"weightedAverageShsOutDil": 2118441826,
					"epsdiluted": 0.047545444027047336,
					"interestIncome": 0,
					"interestExpense": 0,
					"ebit": 0,
					"ebitPercentage": 0,
					"depreciationAndAmortization": 102597000,
					"ebitda": 228042000,
					"ebitdaPercentage": 0,
					"date": "2005-01-30"
				},
				{
					"revenue": 2121974000,
					"costOfRevenue": 1411171000,
					"grossProfit": 710803000,
					"grossProfitRatio": 0.3331669209899039,
					"researchAndDevelopmentExpenses": 343267000,
					"sellingGeneralAndAdministrativeExpenses": 201641000,
					"otherExpenses": 0,
					"operatingIncome": 165895000,
					"operatingIncomeRatio": 0.07387182790094536,
					"totalOtherIncomeExpensesNet": 13418000,
					"incomeBeforeTax": 179313000,
					"incomeBeforeTaxRatio": 0.0801703202077244,
					"incomeTaxExpense": 35862000,
					"netIncome": 143451000,
					"netIncomeRatio": 0.06413649088059467,
					"weightedAverageShsOut": 2035213942,
					"eps": 0.07004644402704734,
					"weightedAverageShsOutDil": 2124480826,
					"epsdiluted": 0.06754544402704733,
					"interestIncome": 0,
					"interestExpense": 0,
					"ebit": 0,
					"ebitPercentage": 0,
					"depreciationAndAmortization": 104078000,
					"ebitda": 283391000,
					"ebitdaPercentage": 0,
					"date": "2005-05-01"
				},
				{
					"revenue": 2240725000,
					"costOfRevenue": 1452481000,
					"grossProfit": 788244000,
					"grossProfitRatio": 0.3509827548733733,
					"researchAndDevelopmentExpenses": 343661000,
					"sellingGeneralAndAdministrativeExpenses": 202450000,
					"otherExpenses": 0,
					"operatingIncome": 242133000,
					"operatingIncomeRatio": 0.10659939842802274,
					"totalOtherIncomeExpensesNet": 16037000,
					"incomeBeforeTax": 258170000,
					"incomeBeforeTaxRatio": 0.11374251538090532,
					"incomeTaxExpense": 45001000,
					"netIncome": 213169000,
					"netIncomeRatio": 0.09387886497979678,
					"weightedAverageShsOut": 2043286942,
					"eps": 0.10421344402704734,
					"weightedAverageShsOutDil": 2134593826,
					"epsdiluted": 0.09921244402704733,
					"interestIncome": 0,
					"interestExpense": 0,
					"ebit": 0,
					"ebitPercentage": 0,
					"depreciationAndAmortization": 104778000,
					"ebitda": 362948000,
					"ebitdaPercentage": 0,
					"date": "2005-07-31"
				},
				{
					"revenue": 2308549000,
					"costOfRevenue": 1458879000,
					"grossProfit": 849670000,
					"grossProfitRatio": 0.36790541516753317,
					"researchAndDevelopmentExpenses": 343718000,
					"sellingGeneralAndAdministrativeExpenses": 206883000,
					"otherExpenses": 0,
					"operatingIncome": 284911000,
					"operatingIncomeRatio": 0.12330920038427144,
					"totalOtherIncomeExpensesNet": 18592000,
					"incomeBeforeTax": 303503000,
					"incomeBeforeTaxRatio": 0.1313447429056322,
					"incomeTaxExpense": 50960000,
					"netIncome": 252543000,
					"netIncomeRatio": 0.10929230041491114,
					"weightedAverageShsOut": 2055295937,
					"eps": 0.12255644402704732,
					"weightedAverageShsOutDil": 2166521862,
					"epsdiluted": 0.11672144402704733,
					"interestIncome": 0,
					"interestExpense": 0,
					"ebit": 0,
					"ebitPercentage": 0,
					"depreciationAndAmortization": 105274000,
					"ebitda": 408777000,
					"ebitdaPercentage": 0,
					"date": "2005-10-30"
				},
				{
					"revenue": 2375687000,
					"costOfRevenue": 1464892000,
					"grossProfit": 910795000,
					"grossProfitRatio": 0.38295965081099403,
					"researchAndDevelopmentExpenses": 352099000,
					"sellingGeneralAndAdministrativeExpenses": 204441000,
					"otherExpenses": 0,
					"operatingIncome": 340097000,
					"operatingIncomeRatio": 0.1424107137236679,
					"totalOtherIncomeExpensesNet": 20124000,
					"incomeBeforeTax": 360221000,
					"incomeBeforeTaxRatio": 0.1509172636823926,
					"incomeTaxExpense": 57635000,
					"netIncome": 302586000,
					"netIncomeRatio": 0.12679232237446636,
					"weightedAverageShsOut": 2080695937,
					"eps": 0.14367063929723917,
					"weightedAverageShsOutDil": 2191921862,
					"epsdiluted": 0.13783563929723916,
					"interestIncome": 0,
					"interestExpense": 0,
					"ebit": 0,
					"ebitPercentage": 0,
					"depreciationAndAmortization": 97977000,
					"ebitda": 458198000,
					"ebitdaPercentage": 0,
					"date": "2006-01-29"
				},
				{
					"revenue": 2473648000,
					"costOfRevenue": 1484249000,
					"grossProfit": 989399000,
					"grossProfitRatio": 0.3988524677357843,
					"researchAndDevelopmentExpenses": 388590000,
					"sellingGeneralAndAdministrativeExpenses": 222051000,
					"otherExpenses": 0,
					"operatingIncome": 364600000,
					"operatingIncomeRatio": 0.14670839293553462,
					"totalOtherIncomeExpensesNet": 24314000,
					"incomeBeforeTax": 388914000,
					"incomeBeforeTaxRatio": 0.15648226385433978,
					"incomeTaxExpense": 60096000,
					"netIncome": 328818000,
					"netIncomeRatio": 0.13244612888831536,
					"weightedAverageShsOut": 2096660437,
					"eps": 0.15533663929723915,
					"weightedAverageShsOutDil": 2236000862,
					"epsdiluted": 0.14616863929723917,
					"interestIncome": 0,
					"interestExpense": 0,
					"ebit": 0,
					"ebitPercentage": 0,
					"depreciationAndAmortization": 97115000,
					"ebitda": 486029000,
					"ebitdaPercentage": 0,
					"date": "2006-04-30"
				},
				{
					"revenue": 2586355000,
					"costOfRevenue": 1522362000,
					"grossProfit": 1063993000,
					"grossProfitRatio": 0.4104669620258051,
					"researchAndDevelopmentExpenses": 430033000,
					"sellingGeneralAndAdministrativeExpenses": 239423000,
					"otherExpenses": 0,
					"operatingIncome": 380379000,
					"operatingIncomeRatio": 0.14673953483523805,
					"totalOtherIncomeExpensesNet": 27801000,
					"incomeBeforeTax": 408180000,
					"incomeBeforeTaxRatio": 0.1574092638621492,
					"incomeTaxExpense": 67446000,
					"netIncome": 340734000,
					"netIncomeRatio": 0.13144333451430418,
					"weightedAverageShsOut": 2115197437,
					"eps": 0.16033663929723918,
					"weightedAverageShsOutDil": 2272014362,
					"epsdiluted": 0.14866863929723917,
					"interestIncome": 0,
					"interestExpense": 0,
					"ebit": 0,
					"ebitPercentage": 0,
					"depreciationAndAmortization": 96549000,
					"ebitda": 504729000,
					"ebitdaPercentage": 0,
					"date": "2006-07-30"
				},
				{
					"revenue": 2823512000,
					"costOfRevenue": 1653745000,
					"grossProfit": 1169767000,
					"grossProfitRatio": 0.41443497955831365,
					"researchAndDevelopmentExpenses": 482828000,
					"sellingGeneralAndAdministrativeExpenses": 260483000,
					"otherExpenses": 0,
					"operatingIncome": 426456000,
					"operatingIncomeRatio": 0.15191816718944706,
					"totalOtherIncomeExpensesNet": 32369000,
					"incomeBeforeTax": 458825000,
					"incomeBeforeTaxRatio": 0.16321845137029167,
					"incomeTaxExpense": 76833000,
					"netIncome": 381992000,
					"netIncomeRatio": 0.13593190755735712,
					"weightedAverageShsOut": 2133792639,
					"eps": 0.17867863929723915,
					"weightedAverageShsOutDil": 2308177780,
					"epsdiluted": 0.16367663929723913,
					"interestIncome": 0,
					"interestExpense": 0,
					"ebit": 0,
					"ebitPercentage": 0,
					"depreciationAndAmortization": 97058000,
					"ebitda": 555883000,
					"ebitdaPercentage": 0,
					"date": "2006-10-29"
				},
				{
					"revenue": 3068771000,
					"costOfRevenue": 1768238000,
					"grossProfit": 1300533000,
					"grossProfitRatio": 0.42356142569226957,
					"researchAndDevelopmentExpenses": 552669000,
					"sellingGeneralAndAdministrativeExpenses": 295236000,
					"otherExpenses": 0,
					"operatingIncome": 452628000,
					"operatingIncomeRatio": 0.14699331260108808,
					"totalOtherIncomeExpensesNet": 41028000,
					"incomeBeforeTax": 493656000,
					"incomeBeforeTaxRatio": 0.1602737660572275,
					"incomeTaxExpense": 46210000,
					"netIncome": 447446000,
					"netIncomeRatio": 0.14375444829047018,
					"weightedAverageShsOut": 2174492639,
					"eps": 0.20332073934837094,
					"weightedAverageShsOutDil": 2348877780,
					"epsdiluted": 0.18831873934837093,
					"interestIncome": 0,
					"interestExpense": 0,
					"ebit": 0,
					"ebitPercentage": 0,
					"depreciationAndAmortization": 107562000,
					"ebitda": 601218000,
					"ebitdaPercentage": 0,
					"date": "2007-01-28"
				},
				{
					"revenue": 3231244000,
					"costOfRevenue": 1839330000,
					"grossProfit": 1391914000,
					"grossProfitRatio": 0.43024489798760673,
					"researchAndDevelopmentExpenses": 588586000,
					"sellingGeneralAndAdministrativeExpenses": 310139000,
					"otherExpenses": 0,
					"operatingIncome": 493189000,
					"operatingIncomeRatio": 0.15189926855591518,
					"totalOtherIncomeExpensesNet": 45008000,
					"incomeBeforeTax": 538197000,
					"incomeBeforeTaxRatio": 0.1657540152845964,
					"incomeTaxExpense": 49168000,
					"netIncome": 489029000,
					"netIncomeRatio": 0.1496692878777768,
					"weightedAverageShsOut": 2193833639,
					"eps": 0.22165473934837093,
					"weightedAverageShsOutDil": 2361621780,
					"epsdiluted": 0.20498573934837094,
					"interestIncome": 0,
					"interestExpense": 0,
					"ebit": 0,
					"ebitPercentage": 0,
					"depreciationAndAmortization": 114865000,
					"ebitda": 653062000,
					"ebitdaPercentage": 0,
					"date": "2007-04-30"
				},
				{
					"revenue": 3478978000,
					"costOfRevenue": 1955200000,
					"grossProfit": 1523778000,
					"grossProfitRatio": 0.43735564751932327,
					"researchAndDevelopmentExpenses": 619281000,
					"sellingGeneralAndAdministrativeExpenses": 322364000,
					"otherExpenses": 0,
					"operatingIncome": 582133000,
					"operatingIncomeRatio": 0.16644575540889192,
					"totalOtherIncomeExpensesNet": 52393000,
					"incomeBeforeTax": 634526000,
					"incomeBeforeTaxRatio": 0.18143601399652026,
					"incomeTaxExpense": 59518000,
					"netIncome": 575008000,
					"netIncomeRatio": 0.1642961472246855,
					"weightedAverageShsOut": 2215772639,
					"eps": 0.2583207393483709,
					"weightedAverageShsOutDil": 2387067780,
					"epsdiluted": 0.23998573934837095,
					"interestIncome": 0,
					"interestExpense": 0,
					"ebit": 0,
					"ebitPercentage": 0,
					"depreciationAndAmortization": 122549000,
					"ebitda": 757075000,
					"ebitdaPercentage": 0,
					"date": "2007-07-31"
				},
				{
					"revenue": 3774003000,
					"costOfRevenue": 2068614000,
					"grossProfit": 1705389000,
					"grossProfitRatio": 0.45114801612115485,
					"researchAndDevelopmentExpenses": 658078000,
					"sellingGeneralAndAdministrativeExpenses": 334950000,
					"otherExpenses": 0,
					"operatingIncome": 712361000,
					"operatingIncomeRatio": 0.18615312228428682,
					"totalOtherIncomeExpensesNet": 60637000,
					"incomeBeforeTax": 772998000,
					"incomeBeforeTaxRatio": 0.20212759236934735,
					"incomeTaxExpense": 68840000,
					"netIncome": 704158000,
					"netIncomeRatio": 0.18465643050041186,
					"weightedAverageShsOut": 2242017500,
					"eps": 0.3132957393483709,
					"weightedAverageShsOutDil": 2413613500,
					"epsdiluted": 0.2899627393483709,
					"interestIncome": 0,
					"interestExpense": 0,
					"ebit": 0,
					"ebitPercentage": 0,
					"depreciationAndAmortization": 130548000,
					"ebitda": 903546000,
					"ebitdaPercentage": 0,
					"date": "2007-10-31"
				},
				{
					"revenue": 4097860000,
					"costOfRevenue": 2228580000,
					"grossProfit": 1869280000,
					"grossProfitRatio": 0.45567141673365363,
					"researchAndDevelopmentExpenses": 691637000,
					"sellingGeneralAndAdministrativeExpenses": 341297000,
					"otherExpenses": 0,
					"operatingIncome": 836346000,
					"operatingIncomeRatio": 0.2013152543984096,
					"totalOtherIncomeExpensesNet": 64995000,
					"incomeBeforeTax": 901341000,
					"incomeBeforeTaxRatio": 0.2171964017505086,
					"incomeTaxExpense": 103696000,
					"netIncome": 797645000,
					"netIncomeRatio": 0.1915649784715094,
					"weightedAverageShsOut": 2198483500,
					"eps": 0.3607697048107451,
					"weightedAverageShsOutDil": 2370079500,
					"epsdiluted": 0.33743670481074517,
					"interestIncome": 0,
					"interestExpense": 0,
					"ebit": 0,
					"ebitPercentage": 0,
					"depreciationAndAmortization": 133192000,
					"ebitda": 1034533000,
					"ebitdaPercentage": 0,
					"date": "2008-01-31"
				},
				{
					"revenue": 4406968000,
					"costOfRevenue": 2402983000,
					"grossProfit": 2003985000,
					"grossProfitRatio": 0.45470226812715103,
					"researchAndDevelopmentExpenses": 752146000,
					"sellingGeneralAndAdministrativeExpenses": 353760000,
					"otherExpenses": 0,
					"operatingIncome": 898079000,
					"operatingIncomeRatio": 0.20348711242662296,
					"totalOtherIncomeExpensesNet": 62491000,
					"incomeBeforeTax": 960570000,
					"incomeBeforeTaxRatio": 0.2178301290225561,
					"incomeTaxExpense": 118379000,
					"netIncome": 842191000,
					"netIncomeRatio": 0.19072469371625347,
					"weightedAverageShsOut": 2212910000,
					"eps": 0.37910270481074515,
					"weightedAverageShsOutDil": 2363769500,
					"epsdiluted": 0.35743670481074513,
					"interestIncome": 0,
					"interestExpense": 0,
					"ebit": 0,
					"ebitPercentage": 0,
					"depreciationAndAmortization": 143216000,
					"ebitda": 1103786000,
					"ebitdaPercentage": 0,
					"date": "2008-04-30"
				},
				{
					"revenue": 4364391000,
					"costOfRevenue": 2634481000,
					"grossProfit": 1729910000,
					"grossProfitRatio": 0.3833513686168204,
					"researchAndDevelopmentExpenses": 807104000,
					"sellingGeneralAndAdministrativeExpenses": 364879000,
					"otherExpenses": 0,
					"operatingIncome": 557927000,
					"operatingIncomeRatio": 0.11058081758871365,
					"totalOtherIncomeExpensesNet": 55192000,
					"incomeBeforeTax": 613119000,
					"incomeBeforeTaxRatio": 0.12308485117638221,
					"incomeTaxExpense": 64589000,
					"netIncome": 548530000,
					"netIncomeRatio": 0.11068516978738649,
					"weightedAverageShsOut": 2221022000,
					"eps": 0.24576970481074517,
					"weightedAverageShsOutDil": 2315357000,
					"epsdiluted": 0.23076970481074516,
					"interestIncome": 0,
					"interestExpense": 0,
					"ebit": 0,
					"ebitPercentage": 0,
					"depreciationAndAmortization": 157630000,
					"ebitda": 770749000,
					"ebitdaPercentage": 0,
					"date": "2008-07-31"
				},
				{
					"revenue": 4146449000,
					"costOfRevenue": 2564249000,
					"grossProfit": 1582200000,
					"grossProfitRatio": 0.3702639235853433,
					"researchAndDevelopmentExpenses": 839935000,
					"sellingGeneralAndAdministrativeExpenses": 367045000,
					"otherExpenses": 0,
					"operatingIncome": 366882000,
					"operatingIncomeRatio": 0.07085870523847888,
					"totalOtherIncomeExpensesNet": 40441000,
					"incomeBeforeTax": 407323000,
					"incomeBeforeTaxRatio": 0.08028600482977911,
					"incomeTaxExpense": 32706000,
					"netIncome": 374617000,
					"netIncomeRatio": 0.07507168671136767,
					"weightedAverageShsOut": 2209863000,
					"eps": 0.16826970481074516,
					"weightedAverageShsOutDil": 2266908000,
					"epsdiluted": 0.16326970481074515,
					"interestIncome": 0,
					"interestExpense": 0,
					"ebit": 0,
					"ebitPercentage": 0,
					"depreciationAndAmortization": 173904000,
					"ebitda": 581227000,
					"ebitdaPercentage": 0,
					"date": "2008-10-31"
				},
				{
					"revenue": 3424859000,
					"costOfRevenue": 2250590000,
					"grossProfit": 1174269000,
					"grossProfitRatio": 0.3296339957160147,
					"researchAndDevelopmentExpenses": 855879000,
					"sellingGeneralAndAdministrativeExpenses": 362222000,
					"otherExpenses": 0,
					"operatingIncome": -70700000,
					"operatingIncomeRatio": -0.07467745685925332,
					"totalOtherIncomeExpensesNet": 27746000,
					"incomeBeforeTax": -42954000,
					"incomeBeforeTaxRatio": -0.06642127925943253,
					"incomeTaxExpense": -12913000,
					"netIncome": -30041000,
					"netIncomeRatio": -0.0550736225472266,
					"weightedAverageShsOut": 2198704000,
					"eps": -0.015384837819299876,
					"weightedAverageShsOutDil": 2255749000,
					"epsdiluted": -0.02038483781929988,
					"interestIncome": 0,
					"interestExpense": 0,
					"ebit": 0,
					"ebitPercentage": 0,
					"depreciationAndAmortization": 185023000,
					"ebitda": 142069000,
					"ebitdaPercentage": 0,
					"date": "2009-01-31"
				},
				{
					"revenue": 2935702000,
					"costOfRevenue": 2086580000,
					"grossProfit": 849122000,
					"grossProfitRatio": 0.2894372173255195,
					"researchAndDevelopmentExpenses": 938846000,
					"sellingGeneralAndAdministrativeExpenses": 388052000,
					"otherExpenses": 0,
					"operatingIncome": -504644000,
					"operatingIncomeRatio": -0.20560318146333711,
					"totalOtherIncomeExpensesNet": 23851000,
					"incomeBeforeTax": -480793000,
					"incomeBeforeTaxRatio": -0.19721053600886984,
					"incomeTaxExpense": -72609000,
					"netIncome": -408184000,
					"netIncomeRatio": -0.16917519646109014,
					"weightedAverageShsOut": 2185338000,
					"eps": -0.18788483781929985,
					"weightedAverageShsOutDil": 2206067000,
					"epsdiluted": -0.18788483781929985,
					"interestIncome": 0,
					"interestExpense": 0,
					"ebit": 0,
					"ebitPercentage": 0,
					"depreciationAndAmortization": 194323000,
					"ebitda": -280346000,
					"ebitdaPercentage": 0,
					"date": "2009-04-26"
				},
				{
					"revenue": 2819546000,
					"costOfRevenue": 1963618000,
					"grossProfit": 855928000,
					"grossProfitRatio": 0.29790878528031073,
					"researchAndDevelopmentExpenses": 918791000,
					"sellingGeneralAndAdministrativeExpenses": 369628000,
					"otherExpenses": 0,
					"operatingIncome": -459359000,
					"operatingIncomeRatio": -0.19753345399958636,
					"totalOtherIncomeExpensesNet": 18065000,
					"incomeBeforeTax": -441294000,
					"incomeBeforeTaxRatio": -0.1906352887652012,
					"incomeTaxExpense": -48737000,
					"netIncome": -392557000,
					"netIncomeRatio": -0.16921010116291355,
					"weightedAverageShsOut": 2176560000,
					"eps": -0.1803848378192999,
					"weightedAverageShsOutDil": 2197289000,
					"epsdiluted": -0.1803848378192999,
					"interestIncome": 0,
					"interestExpense": 0,
					"ebit": 0,
					"ebitPercentage": 0,
					"depreciationAndAmortization": 197339000,
					"ebitda": -232052000,
					"ebitdaPercentage": 0,
					"date": "2009-07-26"
				},
				{
					"revenue": 2825097000,
					"costOfRevenue": 1945229000,
					"grossProfit": 879868000,
					"grossProfitRatio": 0.3039055621118801,
					"researchAndDevelopmentExpenses": 904379000,
					"sellingGeneralAndAdministrativeExpenses": 365269000,
					"otherExpenses": 0,
					"operatingIncome": -408310000,
					"operatingIncomeRatio": -0.18350072509568444,
					"totalOtherIncomeExpensesNet": 16220000,
					"incomeBeforeTax": -392090000,
					"incomeBeforeTaxRatio": -0.17712044161426335,
					"incomeTaxExpense": -45362000,
					"netIncome": -346728000,
					"netIncomeRatio": -0.1566307014620132,
					"weightedAverageShsOut": 2184036000,
					"eps": -0.15788483781929985,
					"weightedAverageShsOutDil": 2207134000,
					"epsdiluted": -0.16038483781929985,
					"interestIncome": 0,
					"interestExpense": 0,
					"ebit": 0,
					"ebitPercentage": 0,
					"depreciationAndAmortization": 196805000,
					"ebitda": -177938000,
					"ebitdaPercentage": 0,
					"date": "2009-10-25"
				},
				{
					"revenue": 3326445000,
					"costOfRevenue": 2149522000,
					"grossProfit": 1176923000,
					"grossProfitRatio": 0.3419312155212385,
					"researchAndDevelopmentExpenses": 908851000,
					"sellingGeneralAndAdministrativeExpenses": 367017000,
					"otherExpenses": 0,
					"operatingIncome": -98945000,
					"operatingIncomeRatio": -0.05835885830773363,
					"totalOtherIncomeExpensesNet": 16651000,
					"incomeBeforeTax": -82294000,
					"incomeBeforeTaxRatio": -0.05311719870116174,
					"incomeTaxExpense": -14307000,
					"netIncome": -67987000,
					"netIncomeRatio": -0.04655099391627687,
					"weightedAverageShsOut": 2214629000,
					"eps": -0.03295090529247911,
					"weightedAverageShsOutDil": 2237727000,
					"epsdiluted": -0.035450905292479115,
					"interestIncome": 23115000,
					"interestExpense": 19795000,
					"ebit": 0,
					"ebitPercentage": 0,
					"depreciationAndAmortization": 196664000,
					"ebitda": 134165000,
					"ebitdaPercentage": 0,
					"date": "2010-01-31"
				},
				{
					"revenue": 3664027000,
					"costOfRevenue": 2220423000,
					"grossProfit": 1443604000,
					"grossProfitRatio": 0.3844221386059861,
					"researchAndDevelopmentExpenses": 825159000,
					"sellingGeneralAndAdministrativeExpenses": 339032000,
					"otherExpenses": 0,
					"operatingIncome": 279413000,
					"operatingIncomeRatio": 0.06535217854019415,
					"totalOtherIncomeExpensesNet": 13839000,
					"incomeBeforeTax": 293252000,
					"incomeBeforeTaxRatio": 0.06911288212014921,
					"incomeTaxExpense": 22307000,
					"netIncome": 270945000,
					"netIncomeRatio": 0.06356386160659748,
					"weightedAverageShsOut": 2239505000,
					"eps": 0.11954909470752088,
					"weightedAverageShsOutDil": 2286417000,
					"epsdiluted": 0.11454909470752088,
					"interestIncome": 22562000,
					"interestExpense": 19242000,
					"ebit": 0,
					"ebitPercentage": 0,
					"depreciationAndAmortization": 193153000,
					"ebitda": 505647000,
					"ebitdaPercentage": 0,
					"date": "2010-05-02"
				},
				{
					"revenue": 3698715000,
					"costOfRevenue": 2277542000,
					"grossProfit": 1421173000,
					"grossProfitRatio": 0.3753517188473669,
					"researchAndDevelopmentExpenses": 842939000,
					"sellingGeneralAndAdministrativeExpenses": 363921000,
					"otherExpenses": 0,
					"operatingIncome": 214313000,
					"operatingIncomeRatio": 0.046805332491770726,
					"totalOtherIncomeExpensesNet": 16993000,
					"incomeBeforeTax": 231306000,
					"incomeBeforeTaxRatio": 0.05149666011739486,
					"incomeTaxExpense": -3980000,
					"netIncome": 235286000,
					"netIncomeRatio": 0.05402406288155325,
					"weightedAverageShsOut": 2265630000,
					"eps": 0.10454909470752088,
					"weightedAverageShsOutDil": 2312542000,
					"epsdiluted": 0.0995490947075209,
					"interestIncome": 21588000,
					"interestExpense": 18268000,
					"ebit": 0,
					"ebitPercentage": 0,
					"depreciationAndAmortization": 190404000,
					"ebitda": 439978000,
					"ebitdaPercentage": 0,
					"date": "2010-08-01"
				},
				{
					"revenue": 3639421000,
					"costOfRevenue": 2217969000,
					"grossProfit": 1421452000,
					"grossProfitRatio": 0.38305362219080935,
					"researchAndDevelopmentExpenses": 849518000,
					"sellingGeneralAndAdministrativeExpenses": 361683000,
					"otherExpenses": 0,
					"operatingIncome": 210251000,
					"operatingIncomeRatio": 0.04769933810572813,
					"totalOtherIncomeExpensesNet": 14433000,
					"incomeBeforeTax": 224684000,
					"incomeBeforeTaxRatio": 0.05167822813287093,
					"incomeTaxExpense": 12113000,
					"netIncome": 212571000,
					"netIncomeRatio": 0.04938710265942133,
					"weightedAverageShsOut": 2291670000,
					"eps": 0.09204909470752089,
					"weightedAverageShsOutDil": 2320809000,
					"epsdiluted": 0.0895490947075209,
					"interestIncome": 20364000,
					"interestExpense": 17044000,
					"ebit": 0,
					"ebitPercentage": 0,
					"depreciationAndAmortization": 188510000,
					"ebitda": 430238000,
					"ebitdaPercentage": 0,
					"date": "2010-10-31"
				},
				{
					"revenue": 3543309000,
					"costOfRevenue": 2134219000,
					"grossProfit": 1409090000,
					"grossProfitRatio": 0.39167184165118724,
					"researchAndDevelopmentExpenses": 848830000,
					"sellingGeneralAndAdministrativeExpenses": 418513000,
					"otherExpenses": 0,
					"operatingIncome": 255747000,
					"operatingIncomeRatio": 0.06423638104113205,
					"totalOtherIncomeExpensesNet": 15422000,
					"incomeBeforeTax": 271169000,
					"incomeBeforeTaxRatio": 0.06863600765683563,
					"incomeTaxExpense": 18023000,
					"netIncome": 253146000,
					"netIncomeRatio": 0.06444773284405293,
					"weightedAverageShsOut": 2318870000,
					"eps": 0.10635139627659573,
					"weightedAverageShsOutDil": 2348009000,
					"epsdiluted": 0.10385139627659573,
					"interestIncome": 19057000,
					"interestExpense": 15930000,
					"ebit": 0,
					"ebitPercentage": 0,
					"depreciationAndAmortization": 186989000,
					"ebitda": 474088000,
					"ebitdaPercentage": 0,
					"date": "2011-01-30"
				},
				{
					"revenue": 3503535000,
					"costOfRevenue": 2066319000,
					"grossProfit": 1437216000,
					"grossProfitRatio": 0.4036893089497694,
					"researchAndDevelopmentExpenses": 862249000,
					"sellingGeneralAndAdministrativeExpenses": 425751000,
					"otherExpenses": 0,
					"operatingIncome": 263216000,
					"operatingIncomeRatio": 0.06769798703341454,
					"totalOtherIncomeExpensesNet": 13713000,
					"incomeBeforeTax": 276929000,
					"incomeBeforeTaxRatio": 0.07168788159340903,
					"incomeTaxExpense": 26158000,
					"netIncome": 250771000,
					"netIncomeRatio": 0.06525013268764877,
					"weightedAverageShsOut": 2346489000,
					"eps": 0.10385139627659576,
					"weightedAverageShsOutDil": 2370486000,
					"epsdiluted": 0.10135139627659576,
					"interestIncome": 18799000,
					"interestExpense": 15672000,
					"ebit": 0,
					"ebitPercentage": 0,
					"depreciationAndAmortization": 187606000,
					"ebitda": 480207000,
					"ebitdaPercentage": 0,
					"date": "2011-05-01"
				},
				{
					"revenue": 3708844000,
					"costOfRevenue": 1880636000,
					"grossProfit": 1828208000,
					"grossProfitRatio": 0.4914900975539869,
					"researchAndDevelopmentExpenses": 899335000,
					"sellingGeneralAndAdministrativeExpenses": 430420000,
					"otherExpenses": 0,
					"operatingIncome": 612453000,
					"operatingIncomeRatio": 0.16449425776872292,
					"totalOtherIncomeExpensesNet": 11070000,
					"incomeBeforeTax": 623523000,
					"incomeBeforeTaxRatio": 0.1674507123594443,
					"incomeTaxExpense": 80218000,
					"netIncome": 543305000,
					"netIncomeRatio": 0.14596936397228594,
					"weightedAverageShsOut": 2375065000,
					"eps": 0.22885139627659576,
					"weightedAverageShsOutDil": 2411656000,
					"epsdiluted": 0.22635139627659576,
					"interestIncome": 19260000,
					"interestExpense": 16133000,
					"ebit": 0,
					"ebitPercentage": 0,
					"depreciationAndAmortization": 193192000,
					"ebitda": 832848000,
					"ebitdaPercentage": 0,
					"date": "2011-07-31"
				},
				{
					"revenue": 3931112000,
					"costOfRevenue": 1938249000,
					"grossProfit": 1992863000,
					"grossProfitRatio": 0.505885984523754,
					"researchAndDevelopmentExpenses": 951306000,
					"sellingGeneralAndAdministrativeExpenses": 449797000,
					"otherExpenses": 0,
					"operatingIncome": 705760000,
					"operatingIncomeRatio": 0.17996369612848787,
					"totalOtherIncomeExpensesNet": 18965000,
					"incomeBeforeTax": 724725000,
					"incomeBeforeTaxRatio": 0.1847836139426054,
					"incomeTaxExpense": 88009000,
					"netIncome": 636716000,
					"netIncomeRatio": 0.16263170090332957,
					"weightedAverageShsOut": 2404805000,
					"eps": 0.26385139627659576,
					"weightedAverageShsOutDil": 2442568000,
					"epsdiluted": 0.26135139627659576,
					"interestIncome": 19396000,
					"interestExpense": 16269000,
					"ebit": 0,
					"ebitPercentage": 0,
					"depreciationAndAmortization": 198703000,
					"ebitda": 939697000,
					"ebitdaPercentage": 0,
					"date": "2011-10-30"
				},
				{
					"revenue": 3997930000,
					"costOfRevenue": 1941413000,
					"grossProfit": 2056517000,
					"grossProfitRatio": 0.5141512554299104,
					"researchAndDevelopmentExpenses": 1002605000,
					"sellingGeneralAndAdministrativeExpenses": 405613000,
					"otherExpenses": 0,
					"operatingIncome": 648299000,
					"operatingIncomeRatio": 0.1613386131258954,
					"totalOtherIncomeExpensesNet": 15097000,
					"incomeBeforeTax": 663396000,
					"incomeBeforeTaxRatio": 0.16502288876684257,
					"incomeTaxExpense": 82306000,
					"netIncome": 581090000,
					"netIncomeRatio": 0.1446485755076365,
					"weightedAverageShsOut": 2414637000,
					"eps": 0.24,
					"weightedAverageShsOutDil": 2459567000,
					"epsdiluted": 0.2375,
					"interestIncome": 19148000,
					"interestExpense": 16059000,
					"ebit": 0,
					"ebitPercentage": 0,
					"depreciationAndAmortization": 204205000,
					"ebitda": 883660000,
					"ebitdaPercentage": 0,
					"date": "2012-01-29"
				},
				{
					"revenue": 3960768000,
					"costOfRevenue": 1925390000,
					"grossProfit": 2035378000,
					"grossProfitRatio": 0.513496185061775,
					"researchAndDevelopmentExpenses": 1054983000,
					"sellingGeneralAndAdministrativeExpenses": 414132000,
					"otherExpenses": 0,
					"operatingIncome": 566263000,
					"operatingIncomeRatio": 0.14078076242926824,
					"totalOtherIncomeExpensesNet": 17743000,
					"incomeBeforeTax": 584006000,
					"incomeBeforeTaxRatio": 0.1451972148480818,
					"incomeTaxExpense": 77698000,
					"netIncome": 506308000,
					"netIncomeRatio": 0.12584642391920675,
					"weightedAverageShsOut": 2435615000,
					"eps": 0.20750000000000002,
					"weightedAverageShsOutDil": 2469879000,
					"epsdiluted": 0.20750000000000002,
					"interestIncome": 19033000,
					"interestExpense": 15944000,
					"ebit": 0,
					"ebitPercentage": 0,
					"depreciationAndAmortization": 210932000,
					"ebitda": 810882000,
					"ebitdaPercentage": 0,
					"date": "2012-04-29"
				},
				{
					"revenue": 3988521000,
					"costOfRevenue": 1937708000,
					"grossProfit": 2050813000,
					"grossProfitRatio": 0.513758011245031,
					"researchAndDevelopmentExpenses": 1088455000,
					"sellingGeneralAndAdministrativeExpenses": 430502000,
					"otherExpenses": 0,
					"operatingIncome": 531856000,
					"operatingIncomeRatio": 0.13140618111629884,
					"totalOtherIncomeExpensesNet": 19811000,
					"incomeBeforeTax": 551667000,
					"incomeBeforeTaxRatio": 0.1362947285591702,
					"incomeTaxExpense": 77886000,
					"netIncome": 473781000,
					"netIncomeRatio": 0.11706870026324202,
					"weightedAverageShsOut": 2453271000,
					"eps": 0.1925,
					"weightedAverageShsOutDil": 2479088000,
					"epsdiluted": 0.1925,
					"interestIncome": 19083000,
					"interestExpense": 15994000,
					"ebit": 0,
					"ebitPercentage": 0,
					"depreciationAndAmortization": 214968000,
					"ebitda": 782629000,
					"ebitdaPercentage": 0,
					"date": "2012-07-29"
				},
				{
					"revenue": 4126451000,
					"costOfRevenue": 1995697000,
					"grossProfit": 2130754000,
					"grossProfitRatio": 0.5154022573747405,
					"researchAndDevelopmentExpenses": 1116137000,
					"sellingGeneralAndAdministrativeExpenses": 427634000,
					"otherExpenses": 0,
					"operatingIncome": 586983000,
					"operatingIncomeRatio": 0.13755798248320417,
					"totalOtherIncomeExpensesNet": 13525000,
					"incomeBeforeTax": 600508000,
					"incomeBeforeTaxRatio": 0.1409346770700948,
					"incomeTaxExpense": 95920000,
					"netIncome": 504588000,
					"netIncomeRatio": 0.11867654907810353,
					"weightedAverageShsOut": 2468560000,
					"eps": 0.20500000000000002,
					"weightedAverageShsOutDil": 2494373000,
					"epsdiluted": 0.2025,
					"interestIncome": 19428000,
					"interestExpense": 16339000,
					"ebit": 0,
					"ebitPercentage": 0,
					"depreciationAndAmortization": 219729000,
					"ebitda": 836576000,
					"ebitdaPercentage": 0,
					"date": "2012-10-28"
				},
				{
					"revenue": 4280159000,
					"costOfRevenue": 2053816000,
					"grossProfit": 2226343000,
					"grossProfitRatio": 0.519145044235302,
					"researchAndDevelopmentExpenses": 1147282000,
					"sellingGeneralAndAdministrativeExpenses": 430822000,
					"otherExpenses": 0,
					"operatingIncome": 648239000,
					"operatingIncomeRatio": 0.1469381448964881,
					"totalOtherIncomeExpensesNet": 13800000,
					"incomeBeforeTax": 662039000,
					"incomeBeforeTaxRatio": 0.15029463941975277,
					"incomeTaxExpense": 99503000,
					"netIncome": 562536000,
					"netIncomeRatio": 0.127538739053623,
					"weightedAverageShsOut": 2477297000,
					"eps": 0.2275,
					"weightedAverageShsOutDil": 2497792000,
					"epsdiluted": 0.225,
					"interestIncome": 19908000,
					"interestExpense": 16614000,
					"ebit": 0,
					"ebitPercentage": 0,
					"depreciationAndAmortization": 226235000,
					"ebitda": 904888000,
					"ebitdaPercentage": 0,
					"date": "2013-01-27"
				},
				{
					"revenue": 4310021000,
					"costOfRevenue": 2028474000,
					"grossProfit": 2281547000,
					"grossProfitRatio": 0.5296827717935311,
					"researchAndDevelopmentExpenses": 1190541000,
					"sellingGeneralAndAdministrativeExpenses": 432812000,
					"otherExpenses": 0,
					"operatingIncome": 658194000,
					"operatingIncomeRatio": 0.14892916753687024,
					"totalOtherIncomeExpensesNet": 14812000,
					"incomeBeforeTax": 673006000,
					"incomeBeforeTaxRatio": 0.1525145634945058,
					"incomeTaxExpense": 93016000,
					"netIncome": 579990000,
					"netIncomeRatio": 0.13159813071713564,
					"weightedAverageShsOut": 2478389000,
					"eps": 0.235,
					"weightedAverageShsOutDil": 2493308000,
					"epsdiluted": 0.23249999999999998,
					"interestIncome": 19786000,
					"interestExpense": 16492000,
					"ebit": 0,
					"ebitPercentage": 0,
					"depreciationAndAmortization": 231488000,
					"ebitda": 920986000,
					"ebitdaPercentage": 0,
					"date": "2013-04-28"
				},
				{
					"revenue": 4242989000,
					"costOfRevenue": 1956623000,
					"grossProfit": 2286366000,
					"grossProfitRatio": 0.5397949226855543,
					"researchAndDevelopmentExpenses": 1241086000,
					"sellingGeneralAndAdministrativeExpenses": 421175000,
					"otherExpenses": 0,
					"operatingIncome": 624105000,
					"operatingIncomeRatio": 0.14250121488981865,
					"totalOtherIncomeExpensesNet": 15513000,
					"incomeBeforeTax": 639618000,
					"incomeBeforeTaxRatio": 0.14635765607927073,
					"incomeTaxExpense": 82226000,
					"netIncome": 557392000,
					"netIncomeRatio": 0.12777193841075007,
					"weightedAverageShsOut": 2444738000,
					"eps": 0.22750000000000004,
					"weightedAverageShsOutDil": 2462171000,
					"epsdiluted": 0.22500000000000003,
					"interestIncome": 18335000,
					"interestExpense": 15041000,
					"ebit": 0,
					"ebitPercentage": 0,
					"depreciationAndAmortization": 237133000,
					"ebitda": 891792000,
					"ebitdaPercentage": 0,
					"date": "2013-07-28"
				},
				{
					"revenue": 4092846000,
					"costOfRevenue": 1858723000,
					"grossProfit": 2234123000,
					"grossProfitRatio": 0.5462332695707249,
					"researchAndDevelopmentExpenses": 1297200000,
					"sellingGeneralAndAdministrativeExpenses": 424047000,
					"otherExpenses": 0,
					"operatingIncome": 512876000,
					"operatingIncomeRatio": 0.12357758313394328,
					"totalOtherIncomeExpensesNet": 14598000,
					"incomeBeforeTax": 527474000,
					"incomeBeforeTaxRatio": 0.12725872010319458,
					"incomeTaxExpense": 60428000,
					"netIncome": 467046000,
					"netIncomeRatio": 0.11252587840157599,
					"weightedAverageShsOut": 2403256000,
					"eps": 0.1925,
					"weightedAverageShsOutDil": 2422078000,
					"epsdiluted": 0.1925,
					"interestIncome": 17656000,
					"interestExpense": 14362000,
					"ebit": 0,
					"ebitPercentage": 0,
					"depreciationAndAmortization": 242711000,
					"ebitda": 784547000,
					"ebitdaPercentage": 0,
					"date": "2013-10-27"
				},
				{
					"revenue": 4130162000,
					"costOfRevenue": 1862399000,
					"grossProfit": 2267763000,
					"grossProfitRatio": 0.5492698679306953,
					"researchAndDevelopmentExpenses": 1335834000,
					"sellingGeneralAndAdministrativeExpenses": 435702000,
					"otherExpenses": 0,
					"operatingIncome": 496227000,
					"operatingIncomeRatio": 0.11858779254331175,
					"totalOtherIncomeExpensesNet": 14027000,
					"incomeBeforeTax": 510254000,
					"incomeBeforeTaxRatio": 0.12212549963418583,
					"incomeTaxExpense": 70264000,
					"netIncome": 439990000,
					"netIncomeRatio": 0.10533297534435151,
					"weightedAverageShsOut": 2351570000,
					"eps": 0.1875,
					"weightedAverageShsOutDil": 2377416000,
					"epsdiluted": 0.185,
					"interestIncome": 17119000,
					"interestExpense": 20898000,
					"ebit": 0,
					"ebitPercentage": 0,
					"depreciationAndAmortization": 239148000,
					"ebitda": 770300000,
					"ebitdaPercentage": 0,
					"date": "2014-01-26"
				},
				{
					"revenue": 4278210000,
					"costOfRevenue": 1924813000,
					"grossProfit": 2353397000,
					"grossProfitRatio": 0.5504535721084395,
					"researchAndDevelopmentExpenses": 1342936000,
					"sellingGeneralAndAdministrativeExpenses": 445656000,
					"otherExpenses": 0,
					"operatingIncome": 564805000,
					"operatingIncomeRatio": 0.1312242860616952,
					"totalOtherIncomeExpensesNet": 20669000,
					"incomeBeforeTax": 585474000,
					"incomeBeforeTaxRatio": 0.13608207899142374,
					"incomeTaxExpense": 86859000,
					"netIncome": 498615000,
					"netIncomeRatio": 0.11588503982181443,
					"weightedAverageShsOut": 2293790000,
					"eps": 0.215,
					"weightedAverageShsOutDil": 2328536000,
					"epsdiluted": 0.2125,
					"interestIncome": 17753000,
					"interestExpense": 27293000,
					"ebit": 0,
					"ebitPercentage": 0,
					"depreciationAndAmortization": 234487000,
					"ebitda": 847254000,
					"ebitdaPercentage": 0,
					"date": "2014-04-27"
				},
				{
					"revenue": 4403796000,
					"costOfRevenue": 1976963000,
					"grossProfit": 2426833000,
					"grossProfitRatio": 0.5512080607308022,
					"researchAndDevelopmentExpenses": 1348322000,
					"sellingGeneralAndAdministrativeExpenses": 456061000,
					"otherExpenses": 0,
					"operatingIncome": 622450000,
					"operatingIncomeRatio": 0.14121742686432182,
					"totalOtherIncomeExpensesNet": 5829000,
					"incomeBeforeTax": 628279000,
					"incomeBeforeTaxRatio": 0.14252800346064848,
					"incomeTaxExpense": 98136000,
					"netIncome": 530143000,
					"netIncomeRatio": 0.12022239432088226,
					"weightedAverageShsOut": 2266668000,
					"eps": 0.23249999999999998,
					"weightedAverageShsOutDil": 2307102000,
					"epsdiluted": 0.22749999999999998,
					"interestIncome": 20717000,
					"interestExpense": 34954000,
					"ebit": 0,
					"ebitPercentage": 0,
					"depreciationAndAmortization": 228254000,
					"ebitda": 891487000,
					"ebitdaPercentage": 0,
					"date": "2014-07-27"
				},
				{
					"revenue": 4575211000,
					"costOfRevenue": 2056095000,
					"grossProfit": 2519116000,
					"grossProfitRatio": 0.5506439428336434,
					"researchAndDevelopmentExpenses": 1348113000,
					"sellingGeneralAndAdministrativeExpenses": 476226000,
					"otherExpenses": 0,
					"operatingIncome": 694777000,
					"operatingIncomeRatio": 0.15129530564398655,
					"totalOtherIncomeExpensesNet": 1088000,
					"incomeBeforeTax": 695865000,
					"incomeBeforeTaxRatio": 0.15162217503553457,
					"incomeTaxExpense": 111489000,
					"netIncome": 584376000,
					"netIncomeRatio": 0.12734718260680844,
					"weightedAverageShsOut": 2233587000,
					"eps": 0.2625,
					"weightedAverageShsOutDil": 2276551000,
					"epsdiluted": 0.255,
					"interestIncome": 24117000,
					"interestExpense": 42474000,
					"ebit": 0,
					"ebitPercentage": 0,
					"depreciationAndAmortization": 221008000,
					"ebitda": 959347000,
					"ebitdaPercentage": 0,
					"date": "2014-10-26"
				},
				{
					"revenue": 4681507000,
					"costOfRevenue": 2082030000,
					"grossProfit": 2599477000,
					"grossProfitRatio": 0.5552089498220548,
					"researchAndDevelopmentExpenses": 1359725000,
					"sellingGeneralAndAdministrativeExpenses": 480763000,
					"otherExpenses": 0,
					"operatingIncome": 758989000,
					"operatingIncomeRatio": 0.16103230791021544,
					"totalOtherIncomeExpensesNet": -4153000,
					"incomeBeforeTax": 754836000,
					"incomeBeforeTaxRatio": 0.16027493265900455,
					"incomeTaxExpense": 124249000,
					"netIncome": 630587000,
					"netIncomeRatio": 0.13385703545961997,
					"weightedAverageShsOut": 2209274000,
					"eps": 0.285,
					"weightedAverageShsOutDil": 2255768000,
					"epsdiluted": 0.27999999999999997,
					"interestIncome": 28090000,
					"interestExpense": 46133000,
					"ebit": 0,
					"ebitPercentage": 0,
					"depreciationAndAmortization": 220125000,
					"ebitda": 1021094000,
					"ebitdaPercentage": 0,
					"date": "2015-01-25"
				},
				{
					"revenue": 4729720000,
					"costOfRevenue": 2081445000,
					"grossProfit": 2648275000,
					"grossProfitRatio": 0.5600705382170218,
					"researchAndDevelopmentExpenses": 1364462000,
					"sellingGeneralAndAdministrativeExpenses": 500183000,
					"otherExpenses": 0,
					"operatingIncome": 783630000,
					"operatingIncomeRatio": 0.16494709958261572,
					"totalOtherIncomeExpensesNet": -20076000,
					"incomeBeforeTax": 763554000,
					"incomeBeforeTaxRatio": 0.16061799010126313,
					"incomeTaxExpense": 135483000,
					"netIncome": 628071000,
					"netIncomeRatio": 0.13201420865920527,
					"weightedAverageShsOut": 2199182000,
					"eps": 0.285,
					"weightedAverageShsOutDil": 2253346000,
					"epsdiluted": 0.27999999999999997,
					"interestIncome": 31380000,
					"interestExpense": 46662000,
					"ebit": 0,
					"ebitPercentage": 0,
					"depreciationAndAmortization": 219042000,
					"ebitda": 1029258000,
					"ebitdaPercentage": 0,
					"date": "2015-04-26"
				},
				{
					"revenue": 4779896000,
					"costOfRevenue": 2116595000,
					"grossProfit": 2663301000,
					"grossProfitRatio": 0.5572223338949713,
					"researchAndDevelopmentExpenses": 1347338000,
					"sellingGeneralAndAdministrativeExpenses": 530512000,
					"otherExpenses": 0,
					"operatingIncome": 696451000,
					"operatingIncomeRatio": 0.14443468072484944,
					"totalOtherIncomeExpensesNet": -15522000,
					"incomeBeforeTax": 680929000,
					"incomeBeforeTaxRatio": 0.14117738123285611,
					"incomeTaxExpense": 154834000,
					"netIncome": 526095000,
					"netIncomeRatio": 0.1086407006759883,
					"weightedAverageShsOut": 2181959000,
					"eps": 0.24,
					"weightedAverageShsOutDil": 2238774000,
					"epsdiluted": 0.2375,
					"interestIncome": 33551000,
					"interestExpense": 47136000,
					"ebit": 0,
					"ebitPercentage": 0,
					"depreciationAndAmortization": 212435000,
					"ebitda": 940500000,
					"ebitdaPercentage": 0,
					"date": "2015-07-26"
				},
				{
					"revenue": 4859514000,
					"costOfRevenue": 2138911000,
					"grossProfit": 2720603000,
					"grossProfitRatio": 0.5597767797989028,
					"researchAndDevelopmentExpenses": 1336253000,
					"sellingGeneralAndAdministrativeExpenses": 559214000,
					"otherExpenses": 0,
					"operatingIncome": 728136000,
					"operatingIncomeRatio": 0.1478494443224405,
					"totalOtherIncomeExpensesNet": 0,
					"incomeBeforeTax": 716859000,
					"incomeBeforeTaxRatio": 0.1454582012928401,
					"incomeTaxExpense": 117731000,
					"netIncome": 599128000,
					"netIncomeRatio": 0.12047875391679143,
					"weightedAverageShsOut": 2176170000,
					"eps": 0.27249999999999996,
					"weightedAverageShsOutDil": 2245573000,
					"epsdiluted": 0.27,
					"interestIncome": 35129000,
					"interestExpense": 47594000,
					"ebit": 0,
					"ebitPercentage": 0,
					"depreciationAndAmortization": 204955000,
					"ebitda": 969408000,
					"ebitdaPercentage": 0,
					"date": "2015-10-25"
				},
				{
					"revenue": 5010000000,
					"costOfRevenue": 2198000000,
					"grossProfit": 2812000000,
					"grossProfitRatio": 0.5610628706585555,
					"researchAndDevelopmentExpenses": 1332000000,
					"sellingGeneralAndAdministrativeExpenses": 600000000,
					"otherExpenses": 0,
					"operatingIncome": 749000000,
					"operatingIncomeRatio": 0.14660912521959987,
					"totalOtherIncomeExpensesNet": 0,
					"incomeBeforeTax": 743000000,
					"incomeBeforeTaxRatio": 0.1452299007374803,
					"incomeTaxExpense": 129000000,
					"netIncome": 614000000,
					"netIncomeRatio": 0.11898537570269252,
					"weightedAverageShsOut": 2171000000,
					"eps": 0.28,
					"weightedAverageShsOutDil": 2282000000,
					"epsdiluted": 0.27,
					"interestIncome": 38000000,
					"interestExpense": 48000000,
					"ebit": 0,
					"ebitPercentage": 0,
					"depreciationAndAmortization": 197000000,
					"ebitda": 988000000,
					"ebitdaPercentage": 0,
					"date": "2016-01-31"
				},
				{
					"revenue": 5164000000,
					"costOfRevenue": 2254000000,
					"grossProfit": 2910000000,
					"grossProfitRatio": 0.5630994139276102,
					"researchAndDevelopmentExpenses": 1339000000,
					"sellingGeneralAndAdministrativeExpenses": 621000000,
					"otherExpenses": 0,
					"operatingIncome": 818000000,
					"operatingIncomeRatio": 0.15531636297054774,
					"totalOtherIncomeExpensesNet": 0,
					"incomeBeforeTax": 812000000,
					"incomeBeforeTaxRatio": 0.15403966469419292,
					"incomeTaxExpense": 136000000,
					"netIncome": 676000000,
					"netIncomeRatio": 0.1274281424455881,
					"weightedAverageShsOut": 2159000000,
					"eps": 0.31,
					"weightedAverageShsOutDil": 2311000000,
					"epsdiluted": 0.2925,
					"interestIncome": 41000000,
					"interestExpense": 48000000,
					"ebit": 0,
					"ebitPercentage": 0,
					"depreciationAndAmortization": 188000000,
					"ebitda": 1048000000,
					"ebitdaPercentage": 0,
					"date": "2016-05-01"
				},
				{
					"revenue": 5439000000,
					"costOfRevenue": 2337000000,
					"grossProfit": 3102000000,
					"grossProfitRatio": 0.570239780915689,
					"researchAndDevelopmentExpenses": 1369000000,
					"sellingGeneralAndAdministrativeExpenses": 629000000,
					"otherExpenses": 0,
					"operatingIncome": 1059000000,
					"operatingIncomeRatio": 0.19433481076597123,
					"totalOtherIncomeExpensesNet": 0,
					"incomeBeforeTax": 1057000000,
					"incomeBeforeTaxRatio": 0.19392541517825473,
					"incomeTaxExpense": 154000000,
					"netIncome": 903000000,
					"netIncomeRatio": 0.16608339205627365,
					"weightedAverageShsOut": 2152000000,
					"eps": 0.415,
					"weightedAverageShsOutDil": 2386000000,
					"epsdiluted": 0.38,
					"interestIncome": 44000000,
					"interestExpense": 48000000,
					"ebit": 0,
					"ebitPercentage": 0,
					"depreciationAndAmortization": 186000000,
					"ebitda": 1291000000,
					"ebitdaPercentage": 0,
					"date": "2016-07-31"
				},
				{
					"revenue": 6138000000,
					"costOfRevenue": 2587000000,
					"grossProfit": 3551000000,
					"grossProfitRatio": 0.5772065944151269,
					"researchAndDevelopmentExpenses": 1413000000,
					"sellingGeneralAndAdministrativeExpenses": 648000000,
					"otherExpenses": 0,
					"operatingIncome": 1453000000,
					"operatingIncomeRatio": 0.22711551372786354,
					"totalOtherIncomeExpensesNet": 0,
					"incomeBeforeTax": 1433000000,
					"incomeBeforeTaxRatio": 0.22446060915811109,
					"incomeTaxExpense": 234000000,
					"netIncome": 1199000000,
					"netIncomeRatio": 0.18657172573374625,
					"weightedAverageShsOut": 2148000000,
					"eps": 0.5549999999999999,
					"weightedAverageShsOutDil": 2474000000,
					"epsdiluted": 0.47750000000000004,
					"interestIncome": 49000000,
					"interestExpense": 52000000,
					"ebit": 0,
					"ebitPercentage": 0,
					"depreciationAndAmortization": 186000000,
					"ebitda": 1671000000,
					"ebitdaPercentage": 0,
					"date": "2016-10-30"
				},
				{
					"revenue": 6910000000,
					"costOfRevenue": 2847000000,
					"grossProfit": 4063000000,
					"grossProfitRatio": 0.5859653766011468,
					"researchAndDevelopmentExpenses": 1463000000,
					"sellingGeneralAndAdministrativeExpenses": 663000000,
					"otherExpenses": 0,
					"operatingIncome": 1934000000,
					"operatingIncomeRatio": 0.26647805241809625,
					"totalOtherIncomeExpensesNet": 0,
					"incomeBeforeTax": 1904000000,
					"incomeBeforeTaxRatio": 0.2625458733487999,
					"incomeTaxExpense": 259000000,
					"netIncome": 1645000000,
					"netIncomeRatio": 0.2246969817388416,
					"weightedAverageShsOut": 2162000000,
					"eps": 0.755,
					"weightedAverageShsOutDil": 2541000000,
					"epsdiluted": 0.6375,
					"interestIncome": 55000000,
					"interestExpense": 59000000,
					"ebit": 0,
					"ebitPercentage": 0,
					"depreciationAndAmortization": 187000000,
					"ebitda": 2150000000,
					"ebitdaPercentage": 0,
					"date": "2017-01-29"
				},
				{
					"revenue": 7542000000,
					"costOfRevenue": 3080000000,
					"grossProfit": 4462000000,
					"grossProfitRatio": 0.590521044903633,
					"researchAndDevelopmentExpenses": 1528000000,
					"sellingGeneralAndAdministrativeExpenses": 689000000,
					"otherExpenses": 0,
					"operatingIncome": 2243000000,
					"operatingIncomeRatio": 0.29104550969788867,
					"totalOtherIncomeExpensesNet": 0,
					"incomeBeforeTax": 2199000000,
					"incomeBeforeTaxRatio": 0.28555643397796737,
					"incomeTaxExpense": 243000000,
					"netIncome": 1956000000,
					"netIncomeRatio": 0.25258533062927335,
					"weightedAverageShsOut": 2217000000,
					"eps": 0.8799999999999999,
					"weightedAverageShsOutDil": 2585000000,
					"epsdiluted": 0.7525,
					"interestIncome": 59000000,
					"interestExpense": 63000000,
					"ebit": 0,
					"ebitPercentage": 0,
					"depreciationAndAmortization": 189000000,
					"ebitda": 2451000000,
					"ebitdaPercentage": 0,
					"date": "2017-04-30"
				},
				{
					"revenue": 8344000000,
					"costOfRevenue": 3406000000,
					"grossProfit": 4938000000,
					"grossProfitRatio": 0.5918773273269162,
					"researchAndDevelopmentExpenses": 1594000000,
					"sellingGeneralAndAdministrativeExpenses": 730000000,
					"otherExpenses": 0,
					"operatingIncome": 2614000000,
					"operatingIncomeRatio": 0.3126783556613862,
					"totalOtherIncomeExpensesNet": -48000000,
					"incomeBeforeTax": 2566000000,
					"incomeBeforeTaxRatio": 0.30674084944819136,
					"incomeTaxExpense": 280000000,
					"netIncome": 2286000000,
					"netIncomeRatio": 0.2736513579370574,
					"weightedAverageShsOut": 2280000000,
					"eps": 1.0074999999999998,
					"weightedAverageShsOutDil": 2587000000,
					"epsdiluted": 0.8825000000000001,
					"interestIncome": 62000000,
					"interestExpense": 66000000,
					"ebit": 0,
					"ebitPercentage": 0,
					"depreciationAndAmortization": 191000000,
					"ebitda": 2823000000,
					"ebitdaPercentage": 0,
					"date": "2017-07-30"
				},
				{
					"revenue": 8976000000,
					"costOfRevenue": 3652000000,
					"grossProfit": 5324000000,
					"grossProfitRatio": 0.5931024945948083,
					"researchAndDevelopmentExpenses": 1683000000,
					"sellingGeneralAndAdministrativeExpenses": 771000000,
					"otherExpenses": 0,
					"operatingIncome": 2870000000,
					"operatingIncomeRatio": 0.31784518437118964,
					"totalOtherIncomeExpensesNet": -29000000,
					"incomeBeforeTax": 2841000000,
					"incomeBeforeTaxRatio": 0.31424802780770905,
					"incomeTaxExpense": 259000000,
					"netIncome": 2582000000,
					"netIncomeRatio": 0.2855130669923914,
					"weightedAverageShsOut": 2345000000,
					"eps": 1.1025,
					"weightedAverageShsOutDil": 2562000000,
					"epsdiluted": 1.0075,
					"interestIncome": 65000000,
					"interestExpense": 65000000,
					"ebit": 0,
					"ebitPercentage": 0,
					"depreciationAndAmortization": 192000000,
					"ebitda": 3098000000,
					"ebitdaPercentage": 0,
					"date": "2017-10-29"
				},
				{
					"revenue": 9714000000,
					"costOfRevenue": 3892000000,
					"grossProfit": 5822000000,
					"grossProfitRatio": 0.5978664672943281,
					"researchAndDevelopmentExpenses": 1796000000,
					"sellingGeneralAndAdministrativeExpenses": 816000000,
					"otherExpenses": 0,
					"operatingIncome": 3210000000,
					"operatingIncomeRatio": 0.3256652293534625,
					"totalOtherIncomeExpensesNet": -15000000,
					"incomeBeforeTax": 3195000000,
					"incomeBeforeTaxRatio": 0.3235037461953474,
					"incomeTaxExpense": 148000000,
					"netIncome": 3047000000,
					"netIncomeRatio": 0.3063724617410027,
					"weightedAverageShsOut": 2398000000,
					"eps": 1.2675,
					"weightedAverageShsOutDil": 2530000000,
					"epsdiluted": 1.205,
					"interestIncome": 69000000,
					"interestExpense": 61000000,
					"ebit": 0,
					"ebitPercentage": 0,
					"depreciationAndAmortization": 199000000,
					"ebitda": 3455000000,
					"ebitdaPercentage": 0,
					"date": "2018-01-28"
				},
				{
					"revenue": 10984000000,
					"costOfRevenue": 4244000000,
					"grossProfit": 6740000000,
					"grossProfitRatio": 0.6106509206366634,
					"researchAndDevelopmentExpenses": 1927000000,
					"sellingGeneralAndAdministrativeExpenses": 862000000,
					"otherExpenses": 0,
					"operatingIncome": 3951000000,
					"operatingIncomeRatio": 0.35511395076324637,
					"totalOtherIncomeExpensesNet": 19000000,
					"incomeBeforeTax": 3970000000,
					"incomeBeforeTaxRatio": 0.3565229193740499,
					"incomeTaxExpense": 186000000,
					"netIncome": 3784000000,
					"netIncomeRatio": 0.33791158651629505,
					"weightedAverageShsOut": 2412000000,
					"eps": 1.565,
					"weightedAverageShsOutDil": 2516000000,
					"epsdiluted": 1.5025,
					"interestIncome": 78000000,
					"interestExpense": 60000000,
					"ebit": 0,
					"ebitPercentage": 0,
					"depreciationAndAmortization": 209000000,
					"ebitda": 4239000000,
					"ebitdaPercentage": 0,
					"date": "2018-04-29"
				},
				{
					"revenue": 11877000000,
					"costOfRevenue": 4464000000,
					"grossProfit": 7413000000,
					"grossProfitRatio": 0.6227879798343705,
					"researchAndDevelopmentExpenses": 2092000000,
					"sellingGeneralAndAdministrativeExpenses": 901000000,
					"otherExpenses": 0,
					"operatingIncome": 4420000000,
					"operatingIncomeRatio": 0.3706031822570527,
					"totalOtherIncomeExpensesNet": 46000000,
					"incomeBeforeTax": 4466000000,
					"incomeBeforeTaxRatio": 0.3743017597152764,
					"incomeTaxExpense": 164000000,
					"netIncome": 4302000000,
					"netIncomeRatio": 0.3606892494223486,
					"weightedAverageShsOut": 2422000000,
					"eps": 1.7725,
					"weightedAverageShsOutDil": 2509000000,
					"epsdiluted": 1.7125000000000001,
					"interestIncome": 95000000,
					"interestExpense": 59000000,
					"ebit": 0,
					"ebitPercentage": 0,
					"depreciationAndAmortization": 219000000,
					"ebitda": 4744000000,
					"ebitdaPercentage": 0,
					"date": "2018-07-29"
				},
				{
					"revenue": 12422000000,
					"costOfRevenue": 4657000000,
					"grossProfit": 7765000000,
					"grossProfitRatio": 0.6249575085564538,
					"researchAndDevelopmentExpenses": 2235000000,
					"sellingGeneralAndAdministrativeExpenses": 947000000,
					"otherExpenses": 0,
					"operatingIncome": 4583000000,
					"operatingIncomeRatio": 0.36887073752999106,
					"totalOtherIncomeExpensesNet": 68000000,
					"incomeBeforeTax": 4651000000,
					"incomeBeforeTaxRatio": 0.3742820819910803,
					"incomeTaxExpense": -43000000,
					"netIncome": 4694000000,
					"netIncomeRatio": 0.3778804844631041,
					"weightedAverageShsOut": 2428000000,
					"eps": 1.93,
					"weightedAverageShsOutDil": 2506000000,
					"epsdiluted": 1.8725,
					"interestIncome": 115000000,
					"interestExpense": 59000000,
					"ebit": 0,
					"ebitPercentage": 0,
					"depreciationAndAmortization": 238000000,
					"ebitda": 4948000000,
					"ebitdaPercentage": 0,
					"date": "2018-10-28"
				},
				{
					"revenue": 11716000000,
					"costOfRevenue": 4545000000,
					"grossProfit": 7171000000,
					"grossProfitRatio": 0.6071336470755281,
					"researchAndDevelopmentExpenses": 2375000000,
					"sellingGeneralAndAdministrativeExpenses": 992000000,
					"otherExpenses": 0,
					"operatingIncome": 3804000000,
					"operatingIncomeRatio": 0.31005360710516566,
					"totalOtherIncomeExpensesNet": 92000000,
					"incomeBeforeTax": 3896000000,
					"incomeBeforeTaxRatio": 0.3183510252674634,
					"incomeTaxExpense": -245000000,
					"netIncome": 4141000000,
					"netIncomeRatio": 0.34595182384278134,
					"weightedAverageShsOut": 2431000000,
					"eps": 1.7025,
					"weightedAverageShsOutDil": 2497000000,
					"epsdiluted": 1.6575000000000002,
					"interestIncome": 136000000,
					"interestExpense": 58000000,
					"ebit": 0,
					"ebitPercentage": 0,
					"depreciationAndAmortization": 262000000,
					"ebitda": 4216000000,
					"ebitdaPercentage": 0,
					"date": "2019-01-27"
				},
				{
					"revenue": 10729000000,
					"costOfRevenue": 4330000000,
					"grossProfit": 6399000000,
					"grossProfitRatio": 0.5918697395758862,
					"researchAndDevelopmentExpenses": 2507000000,
					"sellingGeneralAndAdministrativeExpenses": 1025000000,
					"otherExpenses": 0,
					"operatingIncome": 2867000000,
					"operatingIncomeRatio": 0.2494178778305215,
					"totalOtherIncomeExpensesNet": 107000000,
					"incomeBeforeTax": 2974000000,
					"incomeBeforeTaxRatio": 0.2599590153904207,
					"incomeTaxExpense": -317000000,
					"netIncome": 3291000000,
					"netIncomeRatio": 0.2933458268261202,
					"weightedAverageShsOut": 2432000000,
					"eps": 1.3525,
					"weightedAverageShsOutDil": 2486000000,
					"epsdiluted": 1.3225,
					"interestIncome": 155000000,
					"interestExpense": 56000000,
					"ebit": 0,
					"ebitPercentage": 0,
					"depreciationAndAmortization": 296000000,
					"ebitda": 3326000000,
					"ebitdaPercentage": 0,
					"date": "2019-04-28"
				},
				{
					"revenue": 10185000000,
					"costOfRevenue": 4220000000,
					"grossProfit": 5965000000,
					"grossProfitRatio": 0.5831481593155083,
					"researchAndDevelopmentExpenses": 2630000000,
					"sellingGeneralAndAdministrativeExpenses": 1054000000,
					"otherExpenses": 0,
					"operatingIncome": 2281000000,
					"operatingIncomeRatio": 0.21214951269955967,
					"totalOtherIncomeExpensesNet": 119000000,
					"incomeBeforeTax": 2400000000,
					"incomeBeforeTaxRatio": 0.22424225980759993,
					"incomeTaxExpense": -342000000,
					"netIncome": 2742000000,
					"netIncomeRatio": 0.2587185315843853,
					"weightedAverageShsOut": 2434000000,
					"eps": 1.1275,
					"weightedAverageShsOutDil": 2476000000,
					"epsdiluted": 1.1075,
					"interestIncome": 170000000,
					"interestExpense": 55000000,
					"ebit": 0,
					"ebitPercentage": 0,
					"depreciationAndAmortization": 329000000,
					"ebitda": 2784000000,
					"ebitdaPercentage": 0,
					"date": "2019-07-28"
				},
				{
					"revenue": 10018000000,
					"costOfRevenue": 4058000000,
					"grossProfit": 5960000000,
					"grossProfitRatio": 0.5910986395954217,
					"researchAndDevelopmentExpenses": 2737000000,
					"sellingGeneralAndAdministrativeExpenses": 1073000000,
					"otherExpenses": 0,
					"operatingIncome": 2150000000,
					"operatingIncomeRatio": 0.20589073437345415,
					"totalOtherIncomeExpensesNet": 128000000,
					"incomeBeforeTax": 2278000000,
					"incomeBeforeTaxRatio": 0.21883015383749332,
					"incomeTaxExpense": -133000000,
					"netIncome": 2411000000,
					"netIncomeRatio": 0.23661949652490077,
					"weightedAverageShsOut": 2435000000,
					"eps": 0.99,
					"weightedAverageShsOutDil": 2469000000,
					"epsdiluted": 0.9775,
					"interestIncome": 178000000,
					"interestExpense": 53000000,
					"ebit": 0,
					"ebitPercentage": 0,
					"depreciationAndAmortization": 353000000,
					"ebitda": 2684000000,
					"ebitdaPercentage": 0,
					"date": "2019-10-27"
				},
				{
					"revenue": 10918000000,
					"costOfRevenue": 4150000000,
					"grossProfit": 6768000000,
					"grossProfitRatio": 0.616488892314867,
					"researchAndDevelopmentExpenses": 2828000000,
					"sellingGeneralAndAdministrativeExpenses": 1094000000,
					"otherExpenses": 0,
					"operatingIncome": 2846000000,
					"operatingIncomeRatio": 0.252267545967657,
					"totalOtherIncomeExpensesNet": 124000000,
					"incomeBeforeTax": 2970000000,
					"incomeBeforeTaxRatio": 0.2638990026330502,
					"incomeTaxExpense": 174000000,
					"netIncome": 2796000000,
					"netIncomeRatio": 0.24901720923317247,
					"weightedAverageShsOut": 2438000000,
					"eps": 1.145,
					"weightedAverageShsOutDil": 2471000000,
					"epsdiluted": 1.13,
					"interestIncome": 177000000,
					"interestExpense": 52000000,
					"ebit": 0,
					"ebitPercentage": 0,
					"depreciationAndAmortization": 381000000,
					"ebitda": 3403000000,
					"ebitdaPercentage": 0,
					"date": "2020-01-26"
				},
				{
					"revenue": 11778000000,
					"costOfRevenue": 4302000000,
					"grossProfit": 7476000000,
					"grossProfitRatio": 0.6332052840312588,
					"researchAndDevelopmentExpenses": 2889000000,
					"sellingGeneralAndAdministrativeExpenses": 1123000000,
					"otherExpenses": 0,
					"operatingIncome": 3464000000,
					"operatingIncomeRatio": 0.29117300987312095,
					"totalOtherIncomeExpensesNet": 98000000,
					"incomeBeforeTax": 3562000000,
					"incomeBeforeTaxRatio": 0.29971931970336724,
					"incomeTaxExpense": 243000000,
					"netIncome": 3319000000,
					"netIncomeRatio": 0.2790796580456213,
					"weightedAverageShsOut": 2445000000,
					"eps": 1.355,
					"weightedAverageShsOutDil": 2477000000,
					"epsdiluted": 1.3375000000000001,
					"interestIncome": 164000000,
					"interestExpense": 64000000,
					"ebit": 0,
					"ebitPercentage": 0,
					"depreciationAndAmortization": 397000000,
					"ebitda": 4023000000,
					"ebitdaPercentage": 0,
					"date": "2020-04-26"
				},
				{
					"revenue": 13065000000,
					"costOfRevenue": 4855000000,
					"grossProfit": 8210000000,
					"grossProfitRatio": 0.6309415615820204,
					"researchAndDevelopmentExpenses": 3182000000,
					"sellingGeneralAndAdministrativeExpenses": 1484000000,
					"otherExpenses": 0,
					"operatingIncome": 3544000000,
					"operatingIncomeRatio": 0.277919874145758,
					"totalOtherIncomeExpensesNet": 21000000,
					"incomeBeforeTax": 3565000000,
					"incomeBeforeTaxRatio": 0.2803574105589727,
					"incomeTaxExpense": 176000000,
					"netIncome": 3389000000,
					"netIncomeRatio": 0.2657929981336056,
					"weightedAverageShsOut": 2452000000,
					"eps": 1.38,
					"weightedAverageShsOutDil": 2487000000,
					"epsdiluted": 1.36,
					"interestIncome": 130000000,
					"interestExpense": 105000000,
					"ebit": 0,
					"ebitPercentage": 0,
					"depreciationAndAmortization": 709000000,
					"ebitda": 4379000000,
					"ebitdaPercentage": 0,
					"date": "2020-07-26"
				},
				{
					"revenue": 14777000000,
					"costOfRevenue": 5523000000,
					"grossProfit": 9254000000,
					"grossProfitRatio": 0.6285971628514245,
					"researchAndDevelopmentExpenses": 3517000000,
					"sellingGeneralAndAdministrativeExpenses": 1722000000,
					"otherExpenses": 0,
					"operatingIncome": 4015000000,
					"operatingIncomeRatio": 0.27498130225062956,
					"totalOtherIncomeExpensesNet": -61000000,
					"incomeBeforeTax": 3954000000,
					"incomeBeforeTaxRatio": 0.2721196157680674,
					"incomeTaxExpense": 128000000,
					"netIncome": 3826000000,
					"netIncomeRatio": 0.26189719210385193,
					"weightedAverageShsOut": 2460000000,
					"eps": 1.5525,
					"weightedAverageShsOutDil": 2499000000,
					"epsdiluted": 1.5275,
					"interestIncome": 92000000,
					"interestExpense": 145000000,
					"ebit": 0,
					"ebitPercentage": 0,
					"depreciationAndAmortization": 916000000,
					"ebitda": 5015000000,
					"ebitdaPercentage": 0,
					"date": "2020-10-25"
				},
				{
					"revenue": 16675000000,
					"costOfRevenue": 6280000000,
					"grossProfit": 10395000000,
					"grossProfitRatio": 0.6240642143435566,
					"researchAndDevelopmentExpenses": 3925000000,
					"sellingGeneralAndAdministrativeExpenses": 1938000000,
					"otherExpenses": 0,
					"operatingIncome": 4532000000,
					"operatingIncomeRatio": 0.27057597443282744,
					"totalOtherIncomeExpensesNet": -124000000,
					"incomeBeforeTax": 4408000000,
					"incomeBeforeTaxRatio": 0.2637719995390931,
					"incomeTaxExpense": 76000000,
					"netIncome": 4332000000,
					"netIncomeRatio": 0.2581334600049471,
					"weightedAverageShsOut": 2467000000,
					"eps": 1.7525,
					"weightedAverageShsOutDil": 2509000000,
					"epsdiluted": 1.7225,
					"interestIncome": 58000000,
					"interestExpense": 185000000,
					"ebit": 0,
					"ebitPercentage": 0,
					"depreciationAndAmortization": 1098000000,
					"ebitda": 5691000000,
					"ebitdaPercentage": 0,
					"date": "2021-01-31"
				},
				{
					"revenue": 19256000000,
					"costOfRevenue": 7236000000,
					"grossProfit": 12020000000,
					"grossProfitRatio": 0.6216650810620705,
					"researchAndDevelopmentExpenses": 4343000000,
					"sellingGeneralAndAdministrativeExpenses": 2165000000,
					"otherExpenses": 0,
					"operatingIncome": 5512000000,
					"operatingIncomeRatio": 0.2777356933572523,
					"totalOtherIncomeExpensesNet": -41000000,
					"incomeBeforeTax": 5471000000,
					"incomeBeforeTaxRatio": 0.2744121134880306,
					"incomeTaxExpense": 144000000,
					"netIncome": 5327000000,
					"netIncomeRatio": 0.26813902037815446,
					"weightedAverageShsOut": 2474000000,
					"eps": 2.15,
					"weightedAverageShsOutDil": 2519000000,
					"epsdiluted": 2.1125,
					"interestIncome": 33000000,
					"interestExpense": 213000000,
					"ebit": 0,
					"ebitPercentage": 0,
					"depreciationAndAmortization": 1272000000,
					"ebitda": 6956000000,
					"ebitdaPercentage": 0,
					"date": "2021-05-02"
				},
				{
					"revenue": 21897000000,
					"costOfRevenue": 7937000000,
					"grossProfit": 13960000000,
					"grossProfitRatio": 0.6364901856432247,
					"researchAndDevelopmentExpenses": 4591000000,
					"sellingGeneralAndAdministrativeExpenses": 2064000000,
					"otherExpenses": 0,
					"operatingIncome": 7305000000,
					"operatingIncomeRatio": 0.32953679600996477,
					"totalOtherIncomeExpensesNet": -49000000,
					"incomeBeforeTax": 7256000000,
					"incomeBeforeTaxRatio": 0.32700819351041244,
					"incomeTaxExpense": 177000000,
					"netIncome": 7079000000,
					"netIncomeRatio": 0.31912603495937153,
					"weightedAverageShsOut": 2481250000,
					"eps": 2.8475,
					"weightedAverageShsOutDil": 2526000000,
					"epsdiluted": 2.8049999999999997,
					"interestIncome": 26000000,
					"interestExpense": 219000000,
					"ebit": 0,
					"ebitPercentage": 0,
					"depreciationAndAmortization": 1154000000,
					"ebitda": 8629000000,
					"ebitdaPercentage": 0,
					"date": "2021-08-01"
				},
				{
					"revenue": 24274000000,
					"costOfRevenue": 8643000000,
					"grossProfit": 15631000000,
					"grossProfitRatio": 0.6429040771468117,
					"researchAndDevelopmentExpenses": 4947000000,
					"sellingGeneralAndAdministrativeExpenses": 2106000000,
					"otherExpenses": 0,
					"operatingIncome": 8578000000,
					"operatingIncomeRatio": 0.3495937668058633,
					"totalOtherIncomeExpensesNet": -32000000,
					"incomeBeforeTax": 8546000000,
					"incomeBeforeTaxRatio": 0.3485486261112059,
					"incomeTaxExpense": 339000000,
					"netIncome": 8207000000,
					"netIncomeRatio": 0.33517708096408455,
					"weightedAverageShsOut": 2488000000,
					"eps": 3.2975,
					"weightedAverageShsOutDil": 2530500000,
					"epsdiluted": 3.245,
					"interestIncome": 26000000,
					"interestExpense": 228000000,
					"ebit": 0,
					"ebitPercentage": 0,
					"depreciationAndAmortization": 1153000000,
					"ebitda": 9927000000,
					"ebitdaPercentage": 0,
					"date": "2021-10-31"
				},
				{
					"revenue": 26914000000,
					"costOfRevenue": 9440000000,
					"grossProfit": 17474000000,
					"grossProfitRatio": 0.6487143355946475,
					"researchAndDevelopmentExpenses": 5267000000,
					"sellingGeneralAndAdministrativeExpenses": 2166000000,
					"otherExpenses": 0,
					"operatingIncome": 10041000000,
					"operatingIncomeRatio": 0.3714366665612345,
					"totalOtherIncomeExpensesNet": -100000000,
					"incomeBeforeTax": 9941000000,
					"incomeBeforeTaxRatio": 0.368805901289472,
					"incomeTaxExpense": 188000000,
					"netIncome": 9753000000,
					"netIncomeRatio": 0.36059790069519504,
					"weightedAverageShsOut": 2495000000,
					"eps": 3.9099999999999997,
					"weightedAverageShsOutDil": 2535750000,
					"epsdiluted": 3.8474999999999997,
					"interestIncome": 28000000,
					"interestExpense": 236000000,
					"ebit": 0,
					"ebitPercentage": 0,
					"depreciationAndAmortization": 1174000000,
					"ebitda": 11351000000,
					"ebitdaPercentage": 0,
					"date": "2022-01-30"
				},
				{
					"revenue": 29541000000,
					"costOfRevenue": 10265000000,
					"grossProfit": 19276000000,
					"grossProfitRatio": 0.6522723184724835,
					"researchAndDevelopmentExpenses": 5732000000,
					"sellingGeneralAndAdministrativeExpenses": 2238000000,
					"otherExpenses": 0,
					"operatingIncome": 9953000000,
					"operatingIncomeRatio": 0.34140269351255553,
					"totalOtherIncomeExpensesNet": -251000000,
					"incomeBeforeTax": 9702000000,
					"incomeBeforeTaxRatio": 0.3329853512225984,
					"incomeTaxExpense": 243000000,
					"netIncome": 9459000000,
					"netIncomeRatio": 0.3249660240706713,
					"weightedAverageShsOut": 2500500000,
					"eps": 3.79,
					"weightedAverageShsOutDil": 2538000000,
					"epsdiluted": 3.73,
					"interestIncome": 40000000,
					"interestExpense": 251000000,
					"ebit": 0,
					"ebitPercentage": 0,
					"depreciationAndAmortization": 1227000000,
					"ebitda": 11180000000,
					"ebitdaPercentage": 0,
					"date": "2022-05-01"
				},
				{
					"revenue": 29738000000,
					"costOfRevenue": 11762000000,
					"grossProfit": 17976000000,
					"grossProfitRatio": 0.5990350907925808,
					"researchAndDevelopmentExpenses": 6311000000,
					"sellingGeneralAndAdministrativeExpenses": 2304000000,
					"otherExpenses": 0,
					"operatingIncome": 8008000000,
					"operatingIncomeRatio": 0.2661121089373982,
					"totalOtherIncomeExpensesNet": -225000000,
					"incomeBeforeTax": 7783000000,
					"incomeBeforeTaxRatio": 0.2587207867256898,
					"incomeTaxExpense": 42000000,
					"netIncome": 7741000000,
					"netIncomeRatio": 0.25821956450243694,
					"weightedAverageShsOut": 2501000000,
					"eps": 3.0999999999999996,
					"weightedAverageShsOutDil": 2534000000,
					"epsdiluted": 3.05,
					"interestIncome": 80000000,
					"interestExpense": 256000000,
					"ebit": 0,
					"ebitPercentage": 0,
					"depreciationAndAmortization": 1319000000,
					"ebitda": 9358000000,
					"ebitdaPercentage": 0,
					"date": "2022-07-31"
				},
				{
					"revenue": 28566000000,
					"costOfRevenue": 12044000000,
					"grossProfit": 16522000000,
					"grossProfitRatio": 0.5699556041920998,
					"researchAndDevelopmentExpenses": 6853000000,
					"sellingGeneralAndAdministrativeExpenses": 2378000000,
					"otherExpenses": 0,
					"operatingIncome": 5938000000,
					"operatingIncomeRatio": 0.19743553163978683,
					"totalOtherIncomeExpensesNet": -180000000,
					"incomeBeforeTax": 5758000000,
					"incomeBeforeTaxRatio": 0.19171150738670173,
					"incomeTaxExpense": -199000000,
					"netIncome": 5957000000,
					"netIncomeRatio": 0.20015860237456598,
					"weightedAverageShsOut": 2497000000,
					"eps": 2.38,
					"weightedAverageShsOutDil": 2524250000,
					"epsdiluted": 2.3499999999999996,
					"interestIncome": 161000000,
					"interestExpense": 259000000,
					"ebit": 0,
					"ebitPercentage": 0,
					"depreciationAndAmortization": 1427000000,
					"ebitda": 7444000000,
					"ebitdaPercentage": 0,
					"date": "2022-10-30"
				}
			]
		},
		"exchangeRate": 1,
		"currency": "USD",
		"kpiLabels": [
			{
				"value": "Gaming Revenue (M)",
				"label": "Gaming Revenue (M)",
				"type": "number",
				"styles": [],
				"isSegment": true,
				"isCurrency": true
			},
			{
				"value": "Data Center Revenue (M)",
				"label": "Data Center Revenue (M)",
				"type": "number",
				"styles": [],
				"isSegment": true,
				"isCurrency": true
			},
			{
				"value": "Professional Visualization Revenue (M)",
				"label": "Professional Visualization Revenue (M)",
				"type": "number",
				"styles": [],
				"isSegment": true,
				"isCurrency": true
			},
			{
				"value": "Automotive Revenue (M)",
				"label": "Automotive Revenue (M)",
				"type": "number",
				"styles": [],
				"isSegment": true,
				"isCurrency": true
			},
			{
				"value": "OEM & Other Revenue (M)",
				"label": "OEM & Other Revenue (M)",
				"type": "number",
				"styles": [],
				"isSegment": true,
				"isCurrency": true
			},
			{
				"value": "Graphics Revenue (M)",
				"label": "Graphics Revenue (M)",
				"type": "number",
				"styles": [],
				"isSegment": true,
				"isCurrency": true
			},
			{
				"value": "Compute & Networking Revenue (M)",
				"label": "Compute & Networking Revenue (M)",
				"type": "number",
				"styles": [],
				"isSegment": true,
				"isCurrency": true
			},
			{
				"value": "Graphics Operating Income (M)",
				"label": "Graphics Operating Income (M)",
				"type": "number",
				"styles": [],
				"isSegment": true,
				"isCurrency": true
			},
			{
				"value": "Compute & Networking Operating Income (M)",
				"label": "Compute & Networking Operating Income (M)",
				"type": "number",
				"styles": [],
				"isSegment": true,
				"isCurrency": true
			}
		],
		"NextSEOJson": {
			"title": "NVIDIA Corporation (NVDA) Income Statement 1999 — 2022",
			"description": "Get detailed financial statements for NVIDIA Corporation (NVDA including income statement, cash flow statement, balance sheet, and financial ratios and metrics."
		},
		"tickers": [
			"NVD.DE",
			"NVDA"
		],
		"marketCap": 529002000000
	},
	"__N_SSG": true
}